3026 4914
685 404 745 468 161

253 609 304 675 Sic
334 609 421 676 cedd.
455 609 593 676 Plautini
618 609 755 676 ABODP
788 629 857 677 cum
889 609 1041 676 Prisciani
1073 609 1161 676 libris
1185 610 1228 674 vl
1251 629 1277 676 c.

144 729 185 792 12
210 731 244 810 (Ι
260 749 292 812 p.
307 729 380 808 205,
403 731 504 812 aa),
528 731 588 796 nisi
610 733 690 813 qued
715 731 824 797 BODP
849 731 989 808 „celara‘
1013 732 1045 796 et
1069 746 1159 808 „cnm
1181 731 1277 808 illim,

142 850 192 916 A:
228 849 685 936 „sarvellpninplcvempmq
717 849 869 917 Prisciani
904 851 976 918 libri
998 851 1137 935 plerique
1162 851 1278 930 „scele-

141 972 247 1050 ruta“,
270 991 377 1038 amnes
402 989 491 1050 „uum
515 972 599 1038 illis⁴⁴
625 973 786 1049 (minutias
809 974 926 1058 emisi),
949 992 1026 1058 quae
1048 975 1152 1041 omnia
1174 975 1278 1057 aperte

142 1091 229 1157 iulsa
259 1092 343 1158 sunt.
388 1091 505 1158 Versus
538 1093 610 1159 sunt
640 1113 694 1176 per
725 1111 757 1159 se
789 1093 865 1159 sutis
897 1093 987 1171 tunm
1023 1093 1178 1170 „scelera“
1211 1113 1278 1160 esse

145 1231 204 1296 prc
243 1213 391 1278 feminine
427 1211 572 1280 adiectiri
609 1213 784 1292 „scelerns“
831 1213 1008 1280 habendum
1054 1213 1116 1279 ium
1154 1211 1278 1280 Seruius

146 1331 321 1416 (Danielis)
344 1331 384 1398 ad
406 1333 483 1398 Aen.
511 1333 556 1398 IX
578 1331 642 1396 484
664 1333 831 1415 putavit¹).

253 1453 400 1520 Attamen
423 1451 522 1518 ulium
543 1453 652 1520 lrcrurn
676 1471 820 1520 versuum
843 1455 957 1520 testem
979 1453 1140 1532 habemns,
1172 1450 1279 1518 Cha·

146 1570 304 1635 risinm
328 1569 366 1636 G.
388 1570 424 1636 L.
447 1571 463 1636 Ι
485 1591 514 1654 p.
542 1572 612 1650 144,
639 1571 679 1636 10
702 1571 753 1650 K„
776 1571 830 1655 qui
852 1573 897 1638 sic
918 1590 970 1637 ecs
992 1570 1149 1638 laudavit:

212 1707 339 1774 Teritur
362 1709 484 1792 senapis
508 1709 633 1790 scelera,
657 1709 739 1792 quod
760 1709 835 1775 illi
858 1711 911 1793 qui
932 1711 1041 1778 terit

213 1827 402 1911 Priusquam
426 1830 660 1908 contrivit,
684 1831 765 1895 oculi
789 1832 824 1897 ut
847 1830 1003 1897 exstillent
1025 1831 1108 1898 iacit.

253 1966 286 2033 Si
309 1967 431 2050 „quod”
452 1969 484 2033 in
504 1975 622 2052 „quee“
646 1971 846 2050 corrigemus,
868 1971 1004 2036 existunt
1027 1989 1132 2038 uersus
1155 1971 1187 2036 et
1209 1989 1279 2036 sen·

147 2089 250 2156 tentia
266 2089 297 2153 et
311 2088 430 2155 ratione
446 2091 575 2156 metrica
591 2091 709 2174 optimi.
745 2091 917 2157 Discrimen
934 2093 1102 2177 principale
1120 2096 1176 2171 cst,
1198 2092 1278 2176 quod

149 2206 309 2273 Charisius
331 2227 386 2293 pro
408 2209 500 2275 verbo
531 2209 667 2293 simplici
700 2210 890 2290 „t1iverunt“
922 2210 1052 2278 tradidit
1074 2211 1277 2295 compositum

149 2329 339 2412 ,contrivit“
362 2348 489 2396 numero
512 2330 672 2416 singulari,
707 2333 755 2396 cui
780 2331 927 2415 adaptata
949 2333 1023 2398 sunt
1049 2332 1080 2396 in
1103 2349 1192 2397 versu
1216 2333 1278 2414 pri-

149 2466 203 2514 cre
226 2449 258 2514 et
282 2447 369 2528 „illic
393 2449 462 2532 (pro
487 2448 606 2533 „illis“p
630 2451 661 2515 et
684 2450 796 2529 „terit“
821 2467 876 2534 pro
900 2451 1057 2531 „terunt“.

257 2569 339 2634 Duas
361 2568 458 2651 igitur·
480 2568 673 2634 recensiones
696 2569 870 2636 habemus:

150 2689 184 2772 1)
215 2689 354 2754 emnium
375 2689 525 2756 librorum
550 2689 765 2757 Plautinosum
801 2691 883 2775 (cnm
907 2691 960 2773 A),
989 2689 1170 2773 quibuscum
1206 2707 1278 2756 cen·

214 2810 309 2876 sentit
332 2810 519 2886 Priscianus,

147 2931 185 3017 a)
214 2931 355 2999 classa

253 3243 279 3309 1)
306 3243 438 3310 Plerique
465 3243 637 3298 adieetivum
668 3243 824 3305 „sceleras“
853 3243 882 3296 in
903 3243 1001 3311 lingua
1018 3243 1107 3298 latinu
1124 3243 1212 3298 fuisse
1231 3259 1277 3298 ne·

148 3331 238 3398 gant;
264 3327 428 3384 llelvichius
455 3331 485 3382 in
513 3329 583 3383 libro
611 3330 719 3383 rossice
747 3329 860 3396 scripta,
888 3331 916 3383 in
944 3343 999 3396 quo
1019 3329 1053 3383 (le
1071 3330 1276 3383 adiectivcrnm

151 3416 265 3471 suffixis
295 3417 324 3470 et
351 3415 486 3484 gradibus
513 3415 734 3482 comparationis
763 3416 919 3482 disputavit
946 3415 1123 3482 iudicemque
1150 3416 1275 3469 emnium

149 3502 358 3558 adiectivurum
384 3501 478 3557 Plauti
505 3503 664 3569 composuit
693 3501 753 3564 („H.
774 3499 941 3564 Feunnnxn,
970 3499 1166 3564 llatnmrrenis
1193 3515 1276 3565 suun

150 3601 292 3642 nuenamr
318 3603 615 3657 npnnararensnmnnr
633 3602 653 3655 y
671 3587 813 3642 llussrs.“
853 3586 897 3642 Gr.
917 3586 1111 3657 nerepcypra
1133 3588 1219 3653 1893),
1248 3592 1277 3643 in

149 3674 272 3729 indicem
299 3675 412 3743 quidem
441 3675 598 3740 „seelerus“
627 3675 742 3742 recepit,
773 3675 822 3728 sed
850 3676 884 3728 de
902 3675 1015 3730 suffixis
1034 3690 1121 3742 agens
1139 3676 1276 3743 neglexit.

150 3761 288 3829 Equidem
307 3777 409 3817 censeo
431 3754 590 3828 „coeliacusa
611 3776 628 3815 a
648 3753 780 3824 „sceler-⁴¹
802 3763 901 3815 ecdem
920 3763 1004 3818 modo
1027 3763 1187 3817 derivatum
1205 3776 1276 3824 esse,

151 3862 208 3914 quc
228 3849 378 3906 „decerusr
398 3863 415 3903 a
435 3848 567 3911 „decer-“.
604 3847 745 3902 Confiteor
763 3861 832 3901 vero
851 3861 897 3902 me
915 3862 1027 3916 queque
1054 3849 1088 3902 rie
1114 3847 1169 3903 huc
1187 3847 1277 3900 ediec·

150 3936 212 3988 tivo
239 3935 376 3998 dubitare,
404 3935 507 4002 quippe
535 3935 616 3988 cuius
643 3949 744 3989 sensus
765 3934 901 3988 hocloco
919 3937 1031 3989 tuntum
1050 3933 1132 3996 absit,
1159 3933 1190 3986 nt
1208 3932 1276 3985 milri

151 4021 265 4087 quidem
292 4021 456 4082 satisfaciat,
485 4022 517 4074 ut
534 4020 617 4074 valde
636 4020 790 4088 displiceat.
827 4020 963 4085 unicust
983 4019 1105 4084 „scelere
1123 4017 1276 4084 senapis?

152 4107 248 4161 Altera
266 4121 304 4160 ex
322 4110 403 4174 parte
422 4108 566 4174 „senapis“
587 4107 692 4161 habere
710 4121 760 4174 pro
779 4107 912 4174 genetivo
932 4107 961 4159 et
981 4104 1119 4168 „scelera“
1144 4116 1195 4169 prc
1214 4105 1276 4157 sub-

152 4194 278 4250 stantivo
297 4195 414 4261 pluralis
433 4208 490 4248 nan
511 4207 663 4261 possumus
689 4195 805 4260 propter
834 4190 931 4256 pacit·
960 4193 990 4245 in
1008 4191 1063 4245 fine
1081 4205 1107 4242 v.
1127 4190 1186 4243 818.
1223 4190 1278 4244 Seri

153 4293 206 4346 ego
234 4281 303 4334 nihil
330 4281 477 4348 hucusque
504 4281 609 4343 inveni,
638 4279 798 4346 cogitabam
826 4281 855 4332 et
881 4292 957 4332 nune
975 4276 1070 4344 cogite
1089 4277 1123 4330 de
1144 4278 1277 4340 „eclere“,

154 4366 275 4431 „scilla“,
293 4367 356 4420 sim.
