3060 4788
767 315 809 378 50

684 407 890 416 -η--α-ι

216 523 308 602 uisse,
339 542 364 588 e.
389 539 419 604 g.
451 522 632 607 plerumque
662 522 695 587 in
728 540 764 588 eo
796 520 937 586 extitisse
981 520 1255 603 „optumus“,
1285 518 1349 583 lere

216 644 330 727 ubique
364 691 379 719 „
392 643 590 708 minimus
603 650 631 708 “.
686 640 830 708 Ceterum
867 642 948 706 inter
984 638 1121 705 Terentii
1158 639 1348 705 Bembinum

216 765 249 830 et
278 764 518 830 Ambrosianum
549 763 657 828 Plauti
688 763 819 828 nimium
851 762 1001 844 quantum
1032 762 1171 839 interest,
1210 780 1280 826 nam
1312 762 1347 825 in

216 885 274 951 hoo
306 884 429 966 saepius
460 889 521 964 „u“
557 884 701 961 occurrit,
733 902 826 966 quem
857 882 889 950 in
913 883 1023 948 oeteris
1046 881 1157 948 Plauti
1179 882 1347 962 oodioibus,

217 1022 288 1068 oum
310 1003 343 1068 iu
365 1003 527 1082 Bembino,
561 1003 614 1085 qui
636 1002 744 1068 eodem
767 1001 829 1067 lere
852 1002 977 1068 seeoulo
1000 1019 1059 1085 quo
1083 1001 1189 1067 Plauti
1212 1002 1349 1068 Ambro-

217 1122 322 1186 sianus
355 1121 489 1205 scriptus
520 1124 577 1202 est,
611 1120 831 1206 orthographia
861 1139 987 1205 pessum
1010 1121 1082 1188 deta
1105 1121 1148 1186 sit
1169 1139 1187 1186 a
1208 1121 1348 1200 librario,

217 1262 308 1326 quern
340 1261 466 1327 operam
497 1242 629 1321 dedisse,
662 1243 696 1308 ut
727 1243 843 1310 formas
874 1241 1058 1308 reoeutiores
1089 1240 1225 1320 inferret,
1258 1240 1350 1307 dooet

217 1363 268 1442 ,i“
294 1362 402 1429 littere
425 1362 526 1428 derlee
559 1363 767 1446 superscripta
797 1362 921 1427 litterae
952 1362 1119 1444 pinguiori,
1154 1363 1247 1445 etque
1279 1362 1348 1428 ani·

217 1502 302 1547 mum
326 1485 391 1547 eius
420 1501 607 1566 manumque
630 1482 747 1547 sensim
769 1482 941 1564 delatigata
963 1502 1029 1548 esse
1051 1482 1124 1548 inde
1147 1482 1349 1566 percipimus,

217 1603 298 1686 quod
321 1603 354 1666 in
377 1601 535 1682 Eunucho,
569 1605 647 1685 quse
674 1602 776 1684 prime
797 1602 846 1667 est
867 1602 989 1686 integre
1011 1601 1116 1667 fabule
1138 1603 1170 1666 iu
1194 1601 1348 1667 Bembino

218 1723 346 1799 servate,
372 1721 486 1803 septies
511 1728 570 1800 „u“
595 1721 628 1786 in
651 1721 702 1802 „i“
728 1721 850 1786 mutata
873 1722 921 1787 est
950 1722 973 1804 ).

320 1842 392 1908 Jem
432 1841 631 1907 eroludemus
669 1841 927 1924 superlativorum
970 1841 1101 1920 ordinae,
1147 1842 1199 1925 qui
1243 1841 1349 1907 minus

219 1963 313 2045 quine
335 1964 413 2027 dena
434 1963 575 2044 exempla
598 1961 776 2028 continent:
1066 1945 1069 1960 ’

274 2153 301 2218 1.
325 2152 460 2236 optimus
494 2151 561 2218 eod.
584 2152 614 2216 A
636 2150 679 2215 39
702 2151 740 2237 (i)
764 2174 771 2216 ε
794 2150 835 2217 61
860 2151 928 2236 (u);
961 2151 1039 2218 Call.
1062 2171 1121 2218 ree.
1146 2151 1187 2217 27
1210 2175 1217 2217 :
1242 2152 1292 2218 73.

269 2273 475 2340 2.maximus
544 2321 559 2353 ,
635 2271 839 2351 52,:48
876 2297 928 2352 „;
997 2321 1010 2347 ,
1083 2323 1098 2350 ‚,
1144 2271 1293 2338 47:53.

268 2395 297 2459 3.
324 2395 466 2461 issimus
542 2444 558 2472 „
635 2392 678 2457 94
714 2415 772 2471 ,:
817 2393 839 2457 6
876 2419 927 2474 ,,;
998 2441 1012 2470 ‚,
1084 2443 1099 2474 ,
1145 2393 1292 2458 85:15.

269 2516 298 2578 4.
322 2515 469 2580 minimus
549 2563 564 2590 ‚,
622 2513 684 2578 100
718 2537 775 2592 „z
820 2512 928 2593 0„;
996 2565 1011 2592 „
1082 2513 1217 2590 ,100:
1261 2513 1292 2579 0.

320 2737 405 2801 Duos
429 2735 566 2802 familias
589 2755 649 2802 non
674 2737 774 2801 solum
797 2739 913 2802 inter
944 2756 985 2802 se
1016 2755 1183 2821 congruere
1206 2739 1345 2820 apparet,

218 2856 273 2921 sed
296 2856 391 2921 etiam
407 2856 513 2921 ordine
537 2855 796 2938 superlativorum
820 2875 889 2922 oum
912 2856 1000 2923 libris
1024 2856 1247 2924 Plautinis
1271 2875 1347 2923 oon-

218 2976 331 3042 sentire
349 2975 386 3055 ²).
439 2975 542 3059 Atque
578 2975 611 3040 in
648 2975 763 3042 tabulis
804 2991 924 3059 quoque
957 2976 1146 3059 plenioribus
1180 2996 1346 3043 oonsensus

218 3116 287 3164 oum
323 3096 437 3162 Plauto
475 3096 660 3180 perspiritur
676 3095 713 3179 3).
768 3096 844 3163 Cum
882 3099 976 3164 oodex
1011 3098 1236 3164 Ambrosianus
1273 3117 1346 3164 oum

218 3217 362 3300 Calliopii
399 3219 575 3283 recensione
613 3217 836 3300 comparandus
876 3219 927 3298 sit,
974 3236 1033 3283 non
1078 3238 1149 3284 oum
1192 3218 1346 3284 Bembino

218 3339 348 3422 (quippe
380 3339 433 3421 qui
465 3338 599 3404 novandi
623 3338 760 3404 studium
783 3337 945 3422 proferet),
977 3339 1010 3403 in
1043 3339 1191 3422 rescripto
1223 3358 1346 3406 summa

217 3457 344 3523 rationis
368 3459 416 3524 est
438 3459 480 3521 56
503 3459 539 3543 (“)
563 3482 570 3523 :
594 3458 636 3521 44
659 3459 718 3541 (u),
757 3459 790 3522 in
822 3457 1022 3540 Calliopianis
1053 3458 1095 3522 63
1119 3459 1159 3542 (“)
1184 3481 1192 3522 :
1217 3457 1258 3521 37
1282 3460 1345 3543 (u),

217 3576 249 3642 id
271 3576 351 3660 quod
375 3577 472 3643 aetati
493 3578 603 3643 Plauti
625 3578 657 3643 et
679 3577 816 3642 Terentii
839 3578 902 3643 fere
925 3580 1086 3644 eonvenite
1109 3579 1239 3645 videtur.

321 3883 347 3948 1)
374 3880 413 3935 Ol.
432 3883 495 3936 adn.
515 3883 531 3936 1
549 3883 579 3936 in
596 3897 622 3950 p.
641 3883 683 3938 46.

320 3985 346 4053 2)
373 3984 412 4039 cf.
430 4000 456 4053 p.
468 3985 503 4039 43
515 3997 573 4052 sq.:
592 3985 714 4042 Plautus
733 3988 756 4041 1.
776 3988 907 4056 optimus,
926 3991 950 4043 2.
969 3990 1127 4057 proximus,
1145 3989 1169 4043 3.
1189 3990 1344 4056 maximus,

216 4070 241 4124 4.
260 4071 393 4134 -issimus,
411 4071 436 4126 5.
456 4071 605 4134 minimus;
637 4071 787 4128 terentius
807 4074 829 4127 1.
850 4073 981 4142 optimus,
1009 4075 1032 4128 2.
1052 4075 1204 4140 maximus,
1227 4075 1251 4129 3.
1270 4075 1345 4130 issi·

217 4169 289 4219 runs,
306 4155 331 4209 4.
351 4157 484 4211 minimus
503 4157 588 4225 (apud
608 4157 771 4212 Terentium
791 4161 972 4226 ,proximus
992 4159 1069 4214 esset
1086 4159 1171 4215 tertio
1190 4161 1273 4228 loeo).

250 4276 253 4283 ·
320 4257 523 4327 ffiffipffl
