3060 4788
751 372 794 436 78

205 599 264 664 que
295 599 434 647 seorsum
464 579 593 646 tractari
624 577 763 661 possunt,
800 577 907 658 utpote
939 595 1070 660 quornm
1092 598 1238 645 numerus
1263 599 1336 662 per-

205 721 318 785 parvus
349 701 399 766 sit.
454 699 520 784 Ego
551 717 622 764 cnm
653 698 730 763 mihi
761 697 954 779 provinciam
989 669 1238 765 Plautinum
1270 700 1335 764 elc-

205 791 330 905 gissem
370 837 476 886 omnes
513 818 631 901 poetas,
669 817 721 899 qui
752 818 872 882 iambos
905 817 1105 884 trochaecsve
1142 819 1280 886 iecerunt
1299 820 1334 899 ¹),

205 959 301 1024 usque
325 939 364 1004 ad
386 938 534 1005 Senecam
557 938 711 1022 tragicnm
728 935 752 1019 ²)
785 937 851 1020 legi
881 940 913 1002 et
943 955 1048 1002 omnes
1071 937 1185 1002 formas
1208 957 1337 1005 coacer-

205 1061 286 1137 vari,
323 1078 401 1141 qnae
440 1078 458 1124 a
493 1059 637 1141 perlectis
668 1058 701 1121 in
733 1058 807 1138 evi,
839 1058 915 1136 -ovi‚
949 1057 1024 1135 -evi‚
1058 1057 1116 1122 -ivi
1150 1058 1335 1124 exeuntibus

206 1179 362 1245 derivatae
386 1184 466 1260 sunt,
490 1197 550 1244 nno
573 1179 686 1245 omisso
709 1178 802 1243 verbo
825 1178 927 1243 eundi.
974 1178 1063 1258 Quod
1078 1179 1207 1244 verbum
1225 1179 1337 1243 multis

206 1301 378 1366 commotus
402 1299 503 1366 causis
527 1320 563 1366 ex
585 1300 757 1365 ceterorum
788 1299 910 1382 agmine
943 1299 1068 1377 exclusi,
1105 1318 1174 1363 nam
1198 1301 1335 1381 primurn

205 1423 431 1506 quinquaginta
454 1422 526 1486 ante
550 1438 643 1485 annos
667 1419 977 1504 Fleckeisenus
996 1418 1023 1502 ³)
1056 1418 1093 1483 de
1125 1419 1218 1484 huius
1247 1421 1334 1485 verbi

205 1541 313 1607 formis
336 1542 492 1606 Plautinis
514 1541 588 1624 egit,
622 1539 732 1604 deinde
764 1538 991 1622 amplissimam
1016 1539 1094 1604 illud
1118 1538 1221 1621 ipsum
1244 1557 1334 1622 prae-

207 1663 274 1728 buit
295 1662 503 1745 exemplorum
526 1661 655 1741 copiam,
687 1659 817 1741 denique
843 1659 1052 1725 dubitationes
1076 1661 1226 1743 quasdem
1249 1660 1334 1725 diffi-

206 1783 339 1848 cillimas
376 1783 482 1861 movit,
520 1800 597 1864 quas
634 1781 770 1846 nondum
803 1780 955 1862 explicare
988 1799 1093 1846 omnes
1124 1781 1202 1845 mihi
1233 1781 1331 1846 licuit.

206 1903 323 1968 Tamen
360 1920 450 1984 spero
488 1900 783 1983 disputatiunculam
824 1918 928 1964 meam
965 1899 1087 1964 nullum
1123 1900 1238 1966 omisso
1273 1901 1335 1964 hoe

206 2022 297 2088 verbo
333 2020 551 2087 detrimentum
590 2023 760 2101 capturam,
798 2019 944 2100 qnoniam
976 2038 1031 2084 sua
1063 2039 1184 2102 semper
1214 2020 1334 2085 ratione

207 2141 299 2207 eundi
322 2142 449 2208 verbum
473 2140 640 2205 formatum
663 2138 715 2204 sit.

309 2262 435 2328 Praeter
471 2261 703 2326 Fleckeisenum
739 2261 843 2325 autem
877 2256 1162 2342 conracius)
1196 2278 1224 2323 a.
1250 2257 1337 2322 1876

205 2402 257 2452 eae
279 2384 395 2450 lormas
417 2382 573 2461 tractavit,
598 2400 676 2465 qnae
699 2381 738 2446 ab
758 2387 830 2460 „er“
856 2379 1039 2462 incipientes
1057 2377 1138 2461 apud
1154 2377 1333 2444 Terentium

205 2505 318 2581 extant,
342 2504 504 2588 legemque
529 2502 648 2579 statuit
684 2521 777 2585 quam
809 2502 889 2566 infra
911 2501 1046 2566 afferam.
1092 2501 1171 2566 Tum
1196 2517 1224 2564 a.
1249 2499 1333 2564 1884

205 2622 600 2706 Engelbrechtus⁵l
647 2641 753 2686 omnes
792 2621 906 2686 formas
944 2621 1088 2704 collegit,
1135 2639 1211 2703 quas
1249 2620 1333 2703 apud

205 2741 355 2807 Plautum
386 2741 624 2822 Terentiumqne
661 2742 833 2818 invenerat,
872 2743 926 2806 sed
958 2742 1103 2823 equidem
1133 2741 1228 2806 etiam
1262 2742 1334 2824 post

205 2861 271 2927 eius
304 2861 594 2926 commentationem
626 2861 725 2928 denuo
756 2881 862 2927 omnes
891 2863 1005 2928 formas
1028 2862 1161 2946 proferre
1186 2862 1300 2928 constit
1325 2863 1331 2876 '

204 2983 442 3048 hisdenensis:
473 2984 506 3065 1)
531 2982 609 3046 hanc
631 3000 697 3048 rem
720 2983 921 3048 contexte
944 2983 1026 3064 apud
1049 2965 1190 3049 omnes
1212 2983 1335 3065 priscae

309 3293 335 3358 1)
362 3291 470 3346 Eodem
489 3293 618 3360 tempore
637 3293 670 3357 (a.
691 3292 768 3358 1890)
788 3292 959 3346 Scheiflerus
978 3292 1061 3347 Birtii
1080 3293 1213 3360 auspiciis
1232 3294 1335 3360 poetas

206 3378 441 3446 dactylicos
469 3378 660 3444 perlustravit.

308 3465 336 3525 2)
364 3463 437 3518 Sane
457 3478 514 3518 non
533 3464 617 3518 omisi
635 3465 734 3520 titulos
752 3464 889 3518 iambicos
909 3465 937 3518 et
955 3463 1124 3525 trochaicus,
1155 3464 1244 3518 testes
1261 3465 1333 3518 inte·

205 3550 353 3615 gemimos,
372 3564 389 3603 a
406 3550 581 3604 Buechelero
600 3551 752 3604 collectos:
774 3549 964 3618 „Anthologia
981 3551 1077 3615 latina,
1095 3565 1121 3618 p.
1140 3551 1181 3604 ll:
1206 3551 1336 3605 carmina

205 3633 388 3701 epigraphieu
406 3635 473 3689 iaso.
493 3637 512 3699 l,
531 3637 642 3704 lipsiae
661 3636 753 3690 189li‘.
1152 3649 1155 3654 ·

307 3719 335 3784 3)
364 3719 450 3774 Cuius
469 3723 602 3789 egregiae
620 3722 779 3777 studiorum
797 3723 940 3789 primitiae
958 3724 1111 3792 inscriptae
1129 3727 1196 3779 sunt
1229 3725 1334 3788 „Exer-

205 3806 355 3860 citationes
385 3806 541 3870 Plautinae,
572 3807 725 3876 Gottingae
756 3809 849 3864 1842“.
898 3809 977 3874 Quae
1006 3810 1055 3864 ille
1083 3811 1201 3875 invenit,
1232 3825 1333 3865 eornm

204 3905 315 3946 summa
333 3891 513 3946 etiamnunc
530 3893 693 3961 pleramque
710 3897 820 3962 partem
841 3897 961 3960 constat,
979 3896 1031 3950 sed
1049 3897 1182 3963 quonlam
1200 3896 1249 3950 illo
1262 3897 1333 3950 tem-

204 3993 273 4046 pore
291 3978 424 4034 editionis
443 3979 559 4033 criticae
583 3979 645 4030 οὐδὲ
663 3985 714 4048 γρῦ
733 3983 801 4044 erat,
829 3983 1009 4037 retractanda
1037 3985 1104 4037 sunt
1126 3983 1228 4046 omnia
1256 3983 1334 4049 quod

204 4080 222 4120 a
247 4079 293 4120 me
319 4066 382 4133 ipso
410 4079 481 4122 mox
507 4065 612 4120 iactum
640 4066 675 4120 iri
703 4083 795 4136 spero,
823 4083 888 4124 nam
917 4083 989 4137 qnae
1007 4069 1065 4124 Lac
1084 4083 1108 4124 a.
1128 4069 1195 4124 1883
1213 4070 1243 4123 in
1261 4067 1331 4123 llus.

203 4151 291 4206 Rhen.
310 4167 336 4219 p.
355 4154 388 4208 22
406 4167 447 4221 eq.
467 4153 560 4208 obiter
577 4153 612 4207 de
630 4155 710 4207 verbi
728 4155 813 4210 eundi
831 4155 930 4211 formis
949 4155 1031 4219 dixit,
1060 4170 1118 4210 non
1144 4155 1332 4210 satisfaciunt.

306 4238 336 4304 4)
362 4237 455 4293 Herm.
474 4253 500 4293 v.
519 4239 554 4303 X,
576 4255 601 4308 p.
621 4238 765 4295 104-106.

306 4323 333 4389 5)
361 4322 440 4378 stuc.
459 4325 670 4379 Vindobonens.
689 4338 715 4378 v.
734 4325 780 4390 Vl,
801 4339 827 4392 p.
846 4326 990 4383 ale-alc.
