3026 4914
723 399 784 462 122

288 607 422 672 Versum
445 605 579 672 alterum
602 625 682 684 cum,
715 607 796 672 siout
824 606 855 670 in
880 606 969 673 libris
993 606 1087 685 orbat,
1117 604 1323 688 pronuntiari

185 746 246 793 non
278 727 378 810 pessit
408 745 530 809 unaque
553 725 673 810 syllaba
696 725 784 804 desit,
816 724 949 792 editores
982 743 1090 792 sanare
1123 723 1318 793 studuerunt

185 846 372 914 conicientes
410 845 688 929 „navigavissom“.
742 843 831 926 Quod
869 846 981 912 falsum
1018 865 1084 914 esse
1122 844 1263 928 exempla
1294 863 1320 909 a

186 966 274 1034 nobis
307 966 439 1034 collecta
469 965 589 1044 docent,
620 984 693 1030 nam
714 965 787 1031 inde
810 965 848 1030 ab
871 965 964 1030 Ennii
987 965 1186 1048 Torantiique
1209 963 1318 1030 aetate

185 1088 291 1174 poetas
328 1087 362 1152 in
392 1087 505 1154 iambis
542 1085 731 1152 coniunctivi
768 1085 1063 1168 plusquamparsocu
1100 1086 1131 1150 et
1165 1083 1318 1150 infinitivi

184 1205 313 1289 perfecti
350 1207 465 1272 formas
499 1225 620 1290 semper
651 1206 837 1271 contraxisse
869 1204 1012 1271 vidimus.
1068 1203 1246 1272 Ciceronem
1278 1203 1314 1267 in

184 1327 322 1410 pedestri
358 1327 496 1393 oratione
532 1326 616 1392 haud
652 1345 721 1393 raro
758 1326 857 1408 plenis
888 1325 943 1393 ini.
974 1325 1051 1408 peri.
1081 1324 1189 1391 formis
1220 1343 1315 1391 usum

184 1466 251 1513 esso
268 1447 292 1532 ¹)
324 1467 385 1515 non
416 1447 551 1514 multum
583 1447 621 1512 ad
653 1447 808 1512 Ciceronis
835 1447 944 1528 poetae
965 1445 1100 1514 rationes
1123 1443 1314 1512 definiendas

183 1567 276 1634 valet.
322 1569 413 1646 Tum,
437 1575 463 1633 01
482 1567 639 1649 Euripidis
661 1567 870 1651 fragmentum
889 1585 907 1631 a
929 1564 1047 1632 Gelono
1067 1564 1128 1631 vol.
1152 1564 1227 1648 Vp.
1242 1562 1309 1627 418

184 1705 229 1769 aq.
252 1687 293 1751 K.
318 1689 473 1752 servatum
497 1689 550 1772 (=
572 1686 706 1753 Nauckii
729 1687 835 1769 Iiurip.
858 1687 952 1770 frgm.
976 1686 1023 1752 ed.
1047 1686 1079 1751 Il
1102 1685 1187 1767 Lips.
1212 1685 1306 1762 1885,

183 1806 241 1888 ing.
265 1803 353 1884 818),
385 1805 467 1888 quod
488 1825 506 1871 a
528 1804 672 1872 Cicerone
704 1807 799 1872 latine
822 1807 978 1872 redditum
1001 1806 1056 1886 est,
1094 1806 1307 1872 conferamus:

337 1977 364 2040 εἰ
387 1979 442 2061 μὲν
465 1976 529 2040 τόδ’
550 1979 635 2063 ἦμαρ
658 1985 779 2062 πρῶτον
801 1980 841 2063 ἦν
865 1977 1051 2064 κακουμένῳ

337 2097 393 2160 καὶ
416 2097 459 2182 μὴ
483 2099 650 2182 μακρὰν
672 2097 712 2182 δὴ
737 2097 787 2161 διὰ
808 2098 910 2164 πόνων
933 2099 1154 2182 ἐναυστὸλουν,

183 2265 364 2332 mirabimur
388 2266 566 2334 Ciceronem
588 2269 789 2352 nullovorbo
812 2270 953 2337 laborum
984 2270 1310 2355 longitudinem

183 2386 376 2467 expressisse,
414 2406 487 2453 nam
518 2387 576 2453 hoc
607 2365 826 2472 gravissimum
859 2390 906 2455 est
936 2390 1092 2454 hominem
1122 2389 1214 2454 illum
1244 2388 1308 2454 iam

183 2504 254 2570 diu
291 2506 453 2589 navigasse
486 2507 539 2592 (ci.
562 2509 632 2574 ul
667 2509 869 2594 „primum“).
922 2509 1065 2576 Fortasse
1103 2509 1148 2574 sic
1185 2527 1309 2574 versum

182 2626 480 2708 redintegrabimus:

331 2799 387 2845 nac
409 2781 476 2845 tim
498 2781 552 2846 diu
574 2781 848 2865 navigassem
872 2787 1052 2850 aerumnoso
1075 2785 1150 2850 salo.

183 2950 288 3028 ,‚Diu“
310 2951 558 3036 monosyllabum
581 2955 663 3036 apud
687 2955 835 3021 iambicos
858 2955 954 3022 habos
984 2956 1068 3022 haud
1090 2975 1168 3037 raro,
1201 2957 1304 3024 velut:

283 3107 332 3171 Pl.
356 3107 425 3172 Per.
448 3106 513 3173 822
536 3110 603 3174 lam
627 3109 696 3174 diu
720 3109 869 3177 factumst
892 3160 1028 3177 .....

306 3277 323 3307 ,,
357 3229 426 3293 Ρο1.
449 3228 603 3294 84910111
627 3230 697 3295 diu
720 3231 809 3315 saepe
833 3280 969 3298 .....

306 3395 322 3425 „
356 3347 423 3414 100.
447 3348 544 3415 000.
568 3400 575 3416 .
600 3400 608 3416 .
630 3332 690 3417 dar
713 3353 783 3417 aru
806 3333 920 3421 viceor.

307 3516 322 3544 „
357 3468 402 3534 00.
426 3470 474 3534 22
498 3520 505 3535 .
528 3519 535 3535 .
561 3521 568 3536 .
592 3471 657 3536 cam
682 3472 753 3538 aru
775 3453 878 3538 viana

305 3633 320 3662 ,,
355 3585 418 3650 un.
442 3587 484 3650 00
507 3636 515 3652 .
539 3636 547 3652 .
573 3637 580 3652 .
604 3589 639 3652 aa
661 3589 731 3654 aru
754 3570 879 3655 vivitur.

179 3755 259 3819 uum
291 3756 322 3820 an
353 3755 490 3822 arsuro
523 3758 655 3826 romono
687 3760 791 3826 0111
816 3761 895 3826 1431
930 3763 988 3846 (=
1010 3764 1126 3830 00000.
1157 3763 1253 3828 Anco.
1286 3763 1304 3827 1

178 3875 234 3941 10.
261 3875 357 3960 orep:

253 4033 331 4102 Cum
356 4033 426 4100 diu
449 4035 643 4116 ambularem,
667 4037 771 4104 tamen
794 4038 852 4106 1100
874 4036 1062 4106 veniundum
1087 4042 1134 4105 est
1155 4040 1223 4106 tibi.

279 4344 306 4410 1)
334 4343 373 4397 Gi.
386 4344 545 4410 Frohwein
564 4347 617 4402 Dis
629 4347 899 4416 Perielrtbildungan
917 4351 968 4405 auf
982 4353 1021 4406 ·vl
1039 4353 1085 4408 bai
1098 4351 1205 4418 010010,
1218 4369 1244 4422 p.
1256 4354 1301 4410 27.
