3026 4914
721 387 764 450 99

642 477 847 486 ——n—

286 589 354 655 Hoo
385 607 492 654 omnes
524 587 622 667 codd„
661 589 721 654 nisi
753 589 835 671 quod
869 607 895 654 v.
929 587 971 651 18
1004 587 1098 654 noaz
1133 593 1208 663 „ne“
1242 590 1313 653 anto

181 709 308 790 „reoto“
332 709 511 776 omiserunt.
556 708 685 775 Praeter
703 710 830 775 initium
847 728 953 774 versus
973 708 1101 773 alterius
1120 708 1224 773 omnia
1240 725 1314 776 sana

179 849 251 895 esse
273 847 393 908 000000,
415 849 487 918 nam
509 828 678 912 Hauptii¹i
702 829 879 895 coniectura
904 829 1054 906 „afuerit“
1078 829 1154 894 mihi
1177 847 1236 893 non
1260 846 1313 892 ne-

179 951 316 1018 eessaria
338 970 406 1017 esse
420 952 563 1030 videtur;
587 950 838 1034 „quievenerint“
860 953 1032 1033 potestant
1048 971 1084 1017 ex
1102 950 1313 1034 „quieverint“

180 1073 362 1154 corruptum
385 1089 452 1136 esse
475 1071 529 1136 aut
551 1090 588 1136 ex
612 1071 797 1154 „quierint“.
843 1068 926 1135 Illud
947 1070 1033 1152 leges
1057 1069 1158 1135 deleto
1179 1076 1311 1148 „nsaw

181 1211 255 1258 oum
277 1190 552 1276 Engelbreohto²]„
586 1193 612 1257 si
635 1191 759 1256 Brixius
792 1189 850 1255 tibi
873 1187 1061 1272 persuaserit
1091 1189 1140 1268 iis„
1173 1207 1250 1282 quae
1275 1188 1313 1253 ad

180 1310 252 1375 Mil.
277 1309 360 1373 1051
392 1310 541 1393 protulit:
582 1310 665 1391 „Der
687 1308 961 1392 Spraehgebraueh
996 1307 1050 1373 des
1081 1307 1214 1372 Plautus
1248 1325 1314 1371 ver-

179 1431 272 1514 langt
294 1430 344 1495 bei
368 1431 451 1496 siner
475 1429 646 1496 indirekten
674 1429 879 1513 Doppeifrage
904 1429 963 1492 mit
986 1428 1056 1492 dem
1079 1425 1238 1490 Hilfsverb
1264 1425 1313 1491 die

179 1551 427 1635 Wiederholung
450 1552 504 1618 des
527 1551 590 1628 „sit‘
604 1558 639 1629 “3
663 1549 745 1633 quod
762 1552 797 1614 ut
812 1549 967 1632 probaret„
991 1550 1054 1615 tres
1073 1566 1180 1612 versus
1203 1546 1312 1611 lauda·

179 1674 247 1739 vit:
270 1673 328 1754 Ep.
352 1670 416 1735 322
439 1692 485 1754 sq.
509 1673 610 1752 „sitne
634 1671 708 1754 quid
732 1690 825 1736 neone
844 1672 887 1736 sit
904 1670 987 1735 Scire
1010 1669 1140 1752 oupio“;
1164 1667 1216 1733 Ps.
1240 1668 1314 1746 451,

181 1791 238 1856 ubi
260 1792 307 1855 A:
334 1791 454 1870 „sintne
476 1790 532 1856 illa
552 1809 624 1856 vara
644 1808 747 1868 neone„
771 1809 849 1873 quae
872 1789 931 1854 tibi
953 1788 1164 1866 renuntiant“„
1188 1807 1259 1852 curn
1281 1787 1313 1850 in

183 1911 361 1978 recensione
378 1910 523 1975 Palatina
538 1909 614 1976 haee
636 1909 732 1974 fuisso
756 1910 849 1975 verba
873 1911 1010 1976 constet:
1037 1909 1118 1986 „sint
1140 1909 1197 1974 illa
1219 1927 1313 1974 neone

182 2033 257 2112 sint,
282 2050 359 2115 quae
382 2032 441 2097 tibi
462 2032 679 2108 renuntiant“;
703 2029 852 2098 (100512
877 2030 1017 2108 „adsitne
1037 2031 1065 2095 01
1081 2031 1202 2095 animus
1218 2047 1313 2096 neone

183 2153 268 2218 adsit
299 2171 390 2235 quern
423 2151 569 2217 advooet“
584 2150 623 2234 ³).
669 2150 751 2215 Nam
782 2151 837 2216 Ba.
870 2169 898 2214 v.
921 2149 985 2213 400
1017 2151 1121 2228 „sisne
1154 2169 1248 2215 neone
1280 2153 1315 2214 ut

182 2293 252 2340 essa
276 2272 414 2355 oportet*
448 2273 588 2356 spurium
620 2289 687 2337 esse
719 2271 803 2338 11011.
850 2271 894 2336 At
917 2289 1015 2354 nequo
1048 2272 1112 2338 ullo
1144 2271 1234 2335 modo
1257 2271 1315 2335 hoo

182 2393 319 2458 eviotum
342 2393 390 2456 est
422 2410 480 2456 non
508 2409 574 2455 0000
597 2389 786 2455 Baoohidunn
814 2409 934 2455 versum
958 2409 976 2454 a
1000 2389 1110 2454 Plauto
1143 2388 1314 2471 profeotunr

183 2531 283 2596 neque
306 2511 474 2594 quidquam
497 2512 647 2576 interesse
680 2511 761 2575 inter
785 2511 912 2575 verbum
937 2509 1165 2576 substantivum
1190 2509 1313 2591 aliaque

183 2635 277 2700 verba
307 2633 340 2698 in
372 2632 541 2697 enuntiatis
572 2633 802 2716 interrogativis
835 2631 968 2713 obliquis
1001 2648 1126 2706 oenseo;
1165 2630 1197 2694 01
1228 2629 1314 2694 verbi

183 2753 309 2836 quidem
334 2752 521 2817 substantivi
543 2752 667 2833 repetiti
700 2752 759 2816 dno
782 2754 904 2816 tantum
928 2753 1067 2834 exempla
1100 2752 1184 2816 certa
1207 2751 1313 2817 afferre

182 2875 238 2940 ilie
270 2875 383 2957 potuit„
414 2892 484 2938 eum
517 2872 663 2939 Pseudoli
694 2893 800 2938 versus
832 2875 948 2956 optime
979 2878 1060 2939 stare
1083 2875 1190 2955 possit„
1224 2876 1313 2938 utin

184 2993 391 3058 Ambrosiano
413 2992 544 3058 traditus
565 2994 622 3057 001.
666 2991 809 3058 Ceterum
829 2993 931 3076 ipsum
949 2993 1076 3058 verbum
1095 3001 1200 3068 „esse“
1219 2993 1314 3058 semel

89 3109 92 3114 ’
183 3115 320 3199 positum
343 3114 376 3178 in
398 3113 455 3178 tali
478 3113 637 3178 enuntiato
662 3115 693 3178 in
716 3114 779 3178 Tri.
803 3132 831 3178 v.
855 3113 919 3178 850
951 3133 1070 3196 „neque
1102 3123 1194 3178 natus
1220 3133 1313 3178 neone

184 3234 278 3299 fuerit
300 3233 333 3298 id
348 3232 445 3298 solide
462 3233 564 3310 soio“;
588 3232 672 3314 aliud
691 3233 815 3297 verbum
833 3251 892 3297 non
908 3235 1072 3315 repetitum
1089 3236 1159 3314 post
1173 3239 1309 3310 „neone“

183 3375 222 3420 en
245 3354 339 3419 habes
363 3373 389 3418 0.
413 3372 461 3438 g.:
486 3353 540 3436 Cp.
565 3352 628 3416 283
652 3353 763 3432 „Nono
779 3354 901 3418 vivatne
920 3353 1024 3431 ne'one„
1048 3352 1081 3417 id
1096 3351 1209 3417 Oreum
1233 3333 1311 3416 seire

183 3475 307 3557 oportet
340 3453 478 3539 soiiioet“
514 3475 580 3559 (ubi
613 3473 686 3539 libri
722 3475 826 3552 „vivat
860 3475 999 3558 neone“).
1056 3473 1180 3556 Optime
1217 3473 1313 3557 igitur

185 3703 445 3712 ...Μ’-..-

291 3853 315 3916 11
345 3854 445 3921 Opuso.
464 3853 499 3906 lli
521 3855 580 3910 375.

290 3974 315 4041 2)
343 3973 421 4028 aeuo.
441 3975 561 4029 Vindob.
581 3975 694 4029 v1226.

289 4093 317 4159 3)
344 4093 502 4149 Sohoellius
521 4096 552 4148 ut
563 4096 673 4150 hiatum
686 4097 818 4164 exponat,
836 4110 951 4150 versum
963 4095 1118 4148 violentius
1132 4108 1196 4149 oum
1208 4095 1311 4152 Bothio

182 4180 321 4234 tractavit
340 4181 467 4244 „adsitne
485 4182 511 4235 ei
529 4183 640 4236 animus
659 4196 743 4249 quem
762 4184 882 4237 advocet
897 4197 986 4236 neono
999 4181 1118 4246 adstet“;
1137 4194 1190 4249 ego
1204 4181 1310 4250 Pylade

185 4265 259 4319 duee
274 4267 318 4321 sio
336 4281 363 4320 v.
382 4281 485 4321 sanare
503 4269 615 4322 studui:
646 4270 771 4333 „adsitne
799 4271 825 4323 ei
854 4270 964 4322 animus
989 4281 1078 4322 neone
1096 4269 1170 4324 adsit
1188 4269 1311 4325 <sibi>

185 4365 272 4418 quem
289 4354 417 4408 advooet.
