<?xml version="1.0" encoding="UTF-8"?>
<!DOCTYPE html PUBLIC "-//W3C//DTD XHTML 1.0 Transitional//EN"
    "http://www.w3.org/TR/xhtml1/DTD/xhtml1-transitional.dtd">
<html xmlns="http://www.w3.org/1999/xhtml" xml:lang="en" lang="en">
 <head>
  <title>
</title>
<meta http-equiv="Content-Type" content="text/html;charset=utf-8" />
  <meta name='ocr-system' content='tesseract 3.04.00' />
  <meta name='ocr-capabilities' content='ocr_page ocr_carea ocr_par ocr_line ocrx_word'/>
</head>
<body>
  <div class='ocr_page' id='page_1' title='image "./quaestionumgram00brocgoog_0150.png"; bbox 0 0 3026 4914; ppageno 0'>
   <div class='ocr_carea' id='block_1_1' title="bbox 663 419 724 482">
    <p class='ocr_par' dir='ltr' id='par_1_1' title="bbox 663 419 724 482">
     <span class='ocr_line' id='line_1_1' title="bbox 663 419 724 482; baseline 0 0"><span class='ocrx_word' id='word_1_1' title='bbox 663 419 724 482; x_wconf 83' lang='lat'>143</span> 
     </span>
    </p>
   </div>
   <div class='ocr_carea' id='block_1_2' title="bbox 592 511 796 520">
    <p class='ocr_par' dir='ltr' id='par_1_2' title="bbox 592 511 796 520">
     <span class='ocr_line' id='line_1_2' title="bbox 592 511 796 520; baseline 0.015 -2"><span class='ocrx_word' id='word_1_2' title='bbox 592 511 796 520; x_wconf 46' lang='grc' dir='ltr'><em>..κ-...ηψ-</em></span> 
     </span>
    </p>
   </div>
   <div class='ocr_carea' id='block_1_3' title="bbox 214 622 944 844">
    <p class='ocr_par' dir='ltr' id='par_1_3' title="bbox 214 622 944 844">
     <span class='ocr_line' id='line_1_3' title="bbox 552 622 829 706; baseline 0.004 -19"><span class='ocrx_word' id='word_1_3' title='bbox 552 624 598 706; x_wconf 88' lang='lat' dir='ltr'>m)</span> <span class='ocrx_word' id='word_1_4' title='bbox 634 622 829 706; x_wconf 80' lang='lat' dir='ltr'>Priapes.</span> 
     </span>
     <span class='ocr_line' id='line_1_4' title="bbox 214 757 944 844; baseline 0.008 -23"><span class='ocrx_word' id='word_1_5' title='bbox 214 757 340 841; x_wconf 81' lang='lat'>(63,10:</span> <span class='ocrx_word' id='word_1_6' title='bbox 365 761 549 827; x_wconf 77' lang='lat' dir='ltr'>dolivirunt</span> <span class='ocrx_word' id='word_1_7' title='bbox 571 797 612 808; x_wconf 90' lang='lat'><em>—</em></span> <span class='ocrx_word' id='word_1_8' title='bbox 634 763 655 826; x_wconf 92' lang='lat' dir='ltr'>i.</span> <span class='ocrx_word' id='word_1_9' title='bbox 678 761 700 826; x_wconf 85' lang='lat' dir='ltr'>l.</span> <span class='ocrx_word' id='word_1_10' title='bbox 724 780 803 827; x_wconf 86' lang='lat' dir='ltr'>vers.</span> <span class='ocrx_word' id='word_1_11' title='bbox 828 761 944 844; x_wconf 80' lang='lat' dir='ltr'>oholi).</span> 
     </span>
    </p>
   </div>
   <div class='ocr_carea' id='block_1_4' title="bbox 569 968 811 1052">
    <p class='ocr_par' dir='ltr' id='par_1_4' title="bbox 569 968 811 1052">
     <span class='ocr_line' id='line_1_5' title="bbox 569 968 811 1052; baseline -0.004 -18"><span class='ocrx_word' id='word_1_12' title='bbox 569 969 604 1052; x_wconf 94' lang='lat' dir='ltr'>n)</span> <span class='ocrx_word' id='word_1_13' title='bbox 642 968 811 1035; x_wconf 79' lang='lat' dir='ltr'>Seneca.</span> 
     </span>
    </p>
   </div>
   <div class='ocr_carea' id='block_1_5' title="bbox 210 1101 845 1428">
    <p class='ocr_par' dir='ltr' id='par_1_5' title="bbox 210 1101 845 1428">
     <span class='ocr_line' id='line_1_6' title="bbox 210 1101 697 1187; baseline 0.004 -21"><span class='ocrx_word' id='word_1_14' title='bbox 210 1101 363 1187; x_wconf 81' lang='lat' dir='ltr'>Semper</span> <span class='ocrx_word' id='word_1_15' title='bbox 385 1105 537 1170; x_wconf 87' lang='lat' dir='ltr'>-aruui</span> <span class='ocrx_word' id='word_1_16' title='bbox 559 1104 697 1187; x_wconf 87' lang='lat' dir='ltr'>(·are):</span> 
     </span>
     <span class='ocr_line' id='line_1_7' title="bbox 382 1224 845 1304; baseline -0.004 -13"><span class='ocrx_word' id='word_1_17' title='bbox 382 1224 493 1291; x_wconf 80' lang='lat' dir='ltr'>Troad.</span> <span class='ocrx_word' id='word_1_18' title='bbox 517 1225 590 1304; x_wconf 88' lang='grc'>696,</span> <span class='ocrx_word' id='word_1_19' title='bbox 614 1224 746 1290; x_wconf 87' lang='lat' dir='ltr'>Phaedr.</span> <span class='ocrx_word' id='word_1_20' title='bbox 770 1227 845 1290; x_wconf 79' lang='lat'>545.</span> 
     </span>
     <span class='ocr_line' id='line_1_8' title="bbox 261 1342 765 1428; baseline -0.01 -15"><span class='ocrx_word' id='word_1_21' title='bbox 261 1345 467 1428; x_wconf 76' lang='lat' dir='ltr'>(„sirevere“:</span> <span class='ocrx_word' id='word_1_22' title='bbox 490 1343 583 1409; x_wconf 87' lang='lat' dir='ltr'>Herc.</span> <span class='ocrx_word' id='word_1_23' title='bbox 607 1342 674 1409; x_wconf 78' lang='lat' dir='ltr'>Oet.</span> <span class='ocrx_word' id='word_1_24' title='bbox 700 1343 765 1427; x_wconf 80' lang='lat'><strong>58).</strong></span> 
     </span>
    </p>
   </div>
   <div class='ocr_carea' id='block_1_6' title="bbox 237 1551 413 1621">
    <p class='ocr_par' dir='ltr' id='par_1_6' title="bbox 237 1551 413 1621">
     <span class='ocr_line' id='line_1_9' title="bbox 237 1551 413 1621; baseline 0.011 -2"><span class='ocrx_word' id='word_1_25' title='bbox 237 1551 413 1621; x_wconf 84' lang='lat' dir='ltr'>Summa:</span> 
     </span>
    </p>
   </div>
   <div class='ocr_carea' id='block_1_7' title="bbox 149 1705 1254 2030">
    <p class='ocr_par' dir='ltr' id='par_1_7' title="bbox 149 1705 1254 2030">
     <span class='ocr_line' id='line_1_10' title="bbox 234 1705 1253 1794; baseline 0.002 -23"><span class='ocrx_word' id='word_1_26' title='bbox 234 1705 363 1772; x_wconf 80' lang='lat' dir='ltr'>Plautus</span> <span class='ocrx_word' id='word_1_27' title='bbox 400 1705 579 1788; x_wconf 77' lang='lat' dir='ltr'>Enniusque</span> <span class='ocrx_word' id='word_1_28' title='bbox 617 1705 739 1789; x_wconf 87' lang='lat' dir='ltr'>saepius</span> <span class='ocrx_word' id='word_1_29' title='bbox 779 1708 926 1772; x_wconf 78' lang='lat' dir='ltr'><strong>-averunt</strong></span> <span class='ocrx_word' id='word_1_30' title='bbox 962 1708 1117 1794; x_wconf 82' lang='lat' dir='ltr'>[·avere)‚</span> <span class='ocrx_word' id='word_1_31' title='bbox 1160 1727 1253 1791; x_wconf 88' lang='lat' dir='ltr'>quam</span> 
     </span>
     <span class='ocr_line' id='line_1_11' title="bbox 150 1826 1254 1912; baseline 0.009 -25"><span class='ocrx_word' id='word_1_32' title='bbox 150 1828 246 1905; x_wconf 79' lang='lat' dir='ltr'>eruut,</span> <span class='ocrx_word' id='word_1_33' title='bbox 277 1826 441 1894; x_wconf 78' lang='lat' dir='ltr'><strong>Terentius</strong></span> <span class='ocrx_word' id='word_1_34' title='bbox 472 1828 625 1909; x_wconf 80' lang='lat' dir='ltr'>celerique</span> <span class='ocrx_word' id='word_1_35' title='bbox 656 1828 719 1892; x_wconf 89' lang='lat' dir='ltr'>fere</span> <span class='ocrx_word' id='word_1_36' title='bbox 745 1847 865 1910; x_wconf 91' lang='lat' dir='ltr'>semper</span> <span class='ocrx_word' id='word_1_37' title='bbox 895 1830 1002 1895; x_wconf 75' lang='lat' dir='ltr'>arnul</span> <span class='ocrx_word' id='word_1_38' title='bbox 1033 1829 1134 1912; x_wconf 82' lang='lat'>(1-2</span> <span class='ocrx_word' id='word_1_39' title='bbox 1165 1849 1254 1896; x_wconf 70' lang='lat' dir='ltr'>eve-</span> 
     </span>
     <span class='ocr_line' id='line_1_12' title="bbox 149 1946 313 2030; baseline 0.024 -22"><span class='ocrx_word' id='word_1_40' title='bbox 149 1946 206 2009; x_wconf 84' lang='lat' dir='ltr'>mui</span> <span class='ocrx_word' id='word_1_41' title='bbox 225 1946 245 2012; x_wconf 93' lang='lat' dir='ltr'>i.</span> <span class='ocrx_word' id='word_1_42' title='bbox 267 1947 313 2030; x_wconf 76' lang='lat' dir='ltr'>i).</span> 
     </span>
    </p>
   </div>
   <div class='ocr_carea' id='block_1_8' title="bbox 197 2085 1022 2398">
    <p class='ocr_par' dir='ltr' id='par_1_8' title="bbox 197 2085 1022 2398">
     <span class='ocr_line' id='line_1_13' title="bbox 197 2085 982 2172; baseline 0.008 -23"><span class='ocrx_word' id='word_1_43' title='bbox 197 2085 229 2149; x_wconf 94' lang='lat' dir='ltr'>In</span> <span class='ocrx_word' id='word_1_44' title='bbox 251 2086 374 2169; x_wconf 88' lang='lat' dir='ltr'>poesi</span> <span class='ocrx_word' id='word_1_45' title='bbox 397 2085 682 2172; x_wconf 77' lang='lat' dir='ltr'>dactylica¹):</span> <span class='ocrx_word' id='word_1_46' title='bbox 714 2089 858 2153; x_wconf 78' lang='lat' dir='ltr'>-averunt</span> <span class='ocrx_word' id='word_1_47' title='bbox 889 2089 982 2156; x_wconf 85' lang='lat' dir='ltr'>7·ics.</span> 
     </span>
     <span class='ocr_line' id='line_1_14' title="bbox 712 2207 1022 2294; baseline 0.013 -21"><span class='ocrx_word' id='word_1_48' title='bbox 712 2226 817 2273; x_wconf 90' lang='lat' dir='ltr'>-avcre</span> <span class='ocrx_word' id='word_1_49' title='bbox 847 2208 971 2277; x_wconf 76' lang='lat' dir='ltr'>llil-ies</span> <span class='ocrx_word' id='word_1_50' title='bbox 988 2207 1022 2294; x_wconf 83' lang='lat'>²).</span> 
     </span>
     <span class='ocr_line' id='line_1_15' title="bbox 711 2330 975 2398; baseline -0.008 -3"><span class='ocrx_word' id='word_1_51' title='bbox 711 2331 819 2396; x_wconf 85' lang='lat' dir='ltr'>-aruni</span> <span class='ocrx_word' id='word_1_52' title='bbox 843 2330 975 2398; x_wconf 86' lang='lat' dir='ltr'>159-ies.</span> 
     </span>
    </p>
   </div>
   <div class='ocr_carea' id='block_1_9' title="bbox 31 2481 1253 3286">
    <p class='ocr_par' dir='ltr' id='par_1_9' title="bbox 31 2481 1253 3286">
     <span class='ocr_line' id='line_1_16' title="bbox 231 2481 1253 2566; baseline 0.002 -18"><span class='ocrx_word' id='word_1_53' title='bbox 231 2481 381 2548; x_wconf 80' lang='lat' dir='ltr'>Cicero</span> <span class='ocrx_word' id='word_1_54' title='bbox 399 2481 427 2558; x_wconf 78' lang='lat'>³)</span> <span class='ocrx_word' id='word_1_55' title='bbox 464 2481 542 2547; x_wconf 80' lang='lat' dir='ltr'><strong>dixit</strong></span> <span class='ocrx_word' id='word_1_56' title='bbox 578 2484 610 2548; x_wconf 82' lang='lat' dir='ltr'>ei</span> <span class='ocrx_word' id='word_1_57' title='bbox 646 2485 792 2548; x_wconf 87' lang='lat' dir='ltr'>-averuni</span> <span class='ocrx_word' id='word_1_58' title='bbox 828 2487 860 2550; x_wconf 80' lang='lat' dir='ltr'>ei</span> <span class='ocrx_word' id='word_1_59' title='bbox 897 2484 1023 2561; x_wconf 68' lang='lat' dir='ltr'>areni,</span> <span class='ocrx_word' id='word_1_60' title='bbox 1066 2484 1157 2566; x_wconf 83' lang='lat' dir='ltr'>atque</span> <span class='ocrx_word' id='word_1_61' title='bbox 1193 2487 1253 2550; x_wconf 90' lang='lat' dir='ltr'>hoc</span> 
     </span>
     <span class='ocr_line' id='line_1_17' title="bbox 31 2595 1251 2687; baseline 0.002 -21"><span class='ocrx_word' id='word_1_62' title='bbox 31 2595 33 2680; x_wconf 68' lang='lat' dir='ltr'>J</span> <span class='ocrx_word' id='word_1_63' title='bbox 138 2603 268 2682; x_wconf 79' lang='lat' dir='ltr'>paullulo</span> <span class='ocrx_word' id='word_1_64' title='bbox 300 2603 441 2686; x_wconf 81' lang='lat' dir='ltr'>saepius,</span> <span class='ocrx_word' id='word_1_65' title='bbox 484 2620 576 2686; x_wconf 89' lang='lat' dir='ltr'>quam</span> <span class='ocrx_word' id='word_1_66' title='bbox 608 2603 706 2681; x_wconf 88' lang='lat' dir='ltr'>illud;</span> <span class='ocrx_word' id='word_1_67' title='bbox 744 2621 913 2687; x_wconf 86' lang='lat' dir='ltr'>numquam</span> <span class='ocrx_word' id='word_1_68' title='bbox 950 2602 1055 2669; x_wconf 83' lang='lat' dir='ltr'>autem</span> <span class='ocrx_word' id='word_1_69' title='bbox 1092 2602 1251 2685; x_wconf 80' lang='lat' dir='ltr'><strong>scripsisse</strong></span> 
     </span>
     <span class='ocr_line' id='line_1_18' title="bbox 135 2721 389 2789; baseline 0.004 -3"><span class='ocrx_word' id='word_1_70' title='bbox 135 2721 250 2788; x_wconf 76' lang='lat' dir='ltr'>ridetur</span> <span class='ocrx_word' id='word_1_71' title='bbox 272 2740 389 2789; x_wconf 79' lang='lat' dir='ltr'>-avere</span> 
     </span>
     <span class='ocr_line' id='line_1_19' title="bbox 232 2839 1253 2925; baseline -0.002 -18"><span class='ocrx_word' id='word_1_72' title='bbox 232 2839 387 2907; x_wconf 78' lang='lat' dir='ltr'>Caesar</span> <span class='ocrx_word' id='word_1_73' title='bbox 402 2839 428 2924; x_wconf 76' lang='lat'>⁶)</span> <span class='ocrx_word' id='word_1_74' title='bbox 466 2841 601 2924; x_wconf 90' lang='lat' dir='ltr'>quinque</span> <span class='ocrx_word' id='word_1_75' title='bbox 637 2841 713 2908; x_wconf 92' lang='lat' dir='ltr'>locis</span> <span class='ocrx_word' id='word_1_76' title='bbox 745 2842 880 2925; x_wconf 83' lang='lat' dir='ltr'>exceptis</span> <span class='ocrx_word' id='word_1_77' title='bbox 916 2840 1046 2908; x_wconf 88' lang='lat' dir='ltr'>formam</span> <span class='ocrx_word' id='word_1_78' title='bbox 1083 2841 1253 2924; x_wconf 86' lang='lat' dir='ltr'>pleniorem</span> 
     </span>
     <span class='ocr_line' id='line_1_20' title="bbox 131 2961 280 3028; baseline 0 -2"><span class='ocrx_word' id='word_1_79' title='bbox 131 2961 280 3028; x_wconf 80' lang='lat' dir='ltr'>adhibuit.</span> 
     </span>
     <span class='ocr_line' id='line_1_21' title="bbox 231 3081 1252 3165; baseline 0.003 -19"><span class='ocrx_word' id='word_1_80' title='bbox 231 3083 268 3148; x_wconf 94' lang='lat' dir='ltr'>ln</span> <span class='ocrx_word' id='word_1_81' title='bbox 306 3081 459 3147; x_wconf 81' lang='lat' dir='ltr'>titulis</span> <span class='ocrx_word' id='word_1_82' title='bbox 497 3083 627 3165; x_wconf 83' lang='lat' dir='ltr'>uinaque</span> <span class='ocrx_word' id='word_1_83' title='bbox 663 3083 763 3149; x_wconf 87' lang='lat' dir='ltr'>forma</span> <span class='ocrx_word' id='word_1_84' title='bbox 794 3082 917 3148; x_wconf 90' lang='lat' dir='ltr'>obviam</span> <span class='ocrx_word' id='word_1_85' title='bbox 948 3083 993 3158; x_wconf 81' lang='lat' dir='ltr'>fii,</span> <span class='ocrx_word' id='word_1_86' title='bbox 1032 3083 1085 3148; x_wconf 87' lang='lat' dir='ltr'>sed</span> <span class='ocrx_word' id='word_1_87' title='bbox 1119 3084 1252 3149; x_wconf 86' lang='lat' dir='ltr'>crebrior</span> 
     </span>
     <span class='ocr_line' id='line_1_22' title="bbox 128 3204 299 3286; baseline 0 -18"><span class='ocrx_word' id='word_1_88' title='bbox 128 3205 176 3269; x_wconf 82' lang='lat' dir='ltr'>esi</span> <span class='ocrx_word' id='word_1_89' title='bbox 197 3204 299 3286; x_wconf 91' lang='lat' dir='ltr'>plena.</span> 
     </span>
    </p>
   </div>
   <div class='ocr_carea' id='block_1_10' title="bbox 126 3385 1255 3706">
    <p class='ocr_par' dir='ltr' id='par_1_10' title="bbox 126 3385 1255 3706">
     <span class='ocr_line' id='line_1_23' title="bbox 232 3385 1255 3472; baseline -0.002 -18"><span class='ocrx_word' id='word_1_90' title='bbox 232 3389 314 3472; x_wconf 80' lang='lat' dir='ltr'>Ergo</span> <span class='ocrx_word' id='word_1_91' title='bbox 338 3388 395 3454; x_wconf 91' lang='lat' dir='ltr'>hoc</span> <span class='ocrx_word' id='word_1_92' title='bbox 417 3406 537 3471; x_wconf 88' lang='lat' dir='ltr'>quoque</span> <span class='ocrx_word' id='word_1_93' title='bbox 559 3389 592 3453; x_wconf 93' lang='lat' dir='ltr'>in</span> <span class='ocrx_word' id='word_1_94' title='bbox 615 3388 720 3454; x_wconf 88' lang='lat' dir='ltr'>ordine</span> <span class='ocrx_word' id='word_1_95' title='bbox 750 3388 918 3454; x_wconf 83' lang='lat' dir='ltr'>formarum</span> <span class='ocrx_word' id='word_1_96' title='bbox 950 3387 1116 3453; x_wconf 86' lang='lat' dir='ltr'>discrimen</span> <span class='ocrx_word' id='word_1_97' title='bbox 1145 3385 1255 3469; x_wconf 87' lang='lat' dir='ltr'>depre-</span> 
     </span>
     <span class='ocr_line' id='line_1_24' title="bbox 126 3507 1254 3592; baseline 0.002 -19"><span class='ocrx_word' id='word_1_98' title='bbox 126 3507 291 3574; x_wconf 88' lang='lat' dir='ltr'>hendimus</span> <span class='ocrx_word' id='word_1_99' title='bbox 322 3507 407 3574; x_wconf 90' lang='lat' dir='ltr'>haud</span> <span class='ocrx_word' id='word_1_100' title='bbox 437 3528 567 3591; x_wconf 81' lang='lat' dir='ltr'>parvum</span> <span class='ocrx_word' id='word_1_101' title='bbox 599 3527 670 3574; x_wconf 91' lang='lat' dir='ltr'>cum</span> <span class='ocrx_word' id='word_1_102' title='bbox 699 3509 779 3574; x_wconf 86' lang='lat' dir='ltr'>iuier</span> <span class='ocrx_word' id='word_1_103' title='bbox 801 3509 907 3591; x_wconf 85' lang='lat' dir='ltr'>poeies</span> <span class='ocrx_word' id='word_1_104' title='bbox 930 3507 1098 3592; x_wconf 77' lang='lat' dir='ltr'>dactylicos</span> <span class='ocrx_word' id='word_1_105' title='bbox 1122 3509 1152 3574; x_wconf 79' lang='lat' dir='ltr'>et</span> <span class='ocrx_word' id='word_1_106' title='bbox 1173 3508 1254 3575; x_wconf 91' lang='lat' dir='ltr'>iam-</span> 
     </span>
     <span class='ocr_line' id='line_1_25' title="bbox 127 3629 962 3706; baseline 0.002 -12"><span class='ocrx_word' id='word_1_107' title='bbox 127 3629 224 3706; x_wconf 90' lang='lat' dir='ltr'>bicos,</span> <span class='ocrx_word' id='word_1_108' title='bbox 246 3629 313 3695; x_wconf 84' lang='lat' dir='ltr'>ium</span> <span class='ocrx_word' id='word_1_109' title='bbox 336 3631 417 3696; x_wconf 82' lang='lat' dir='ltr'>inicr</span> <span class='ocrx_word' id='word_1_110' title='bbox 438 3648 545 3697; x_wconf 83' lang='lat' dir='ltr'>versus</span> <span class='ocrx_word' id='word_1_111' title='bbox 568 3631 600 3695; x_wconf 86' lang='lat' dir='ltr'>ei</span> <span class='ocrx_word' id='word_1_112' title='bbox 623 3630 757 3696; x_wconf 82' lang='lat' dir='ltr'>solutam</span> <span class='ocrx_word' id='word_1_113' title='bbox 780 3630 962 3696; x_wconf 80' lang='lat' dir='ltr'>orationem.</span> 
     </span>
    </p>
   </div>
   <div class='ocr_carea' id='block_1_11' title="bbox 130 3812 391 3834">
    <p class='ocr_par' dir='ltr' id='par_1_11' title="bbox 130 3812 391 3834">
     <span class='ocr_line' id='line_1_26' title="bbox 130 3812 391 3834; baseline 0 -2"><span class='ocrx_word' id='word_1_114' title='bbox 130 3812 391 3834; x_wconf 44' lang='grc' dir='ltr'>ῤ’...-</span> 
     </span>
    </p>
   </div>
   <div class='ocr_carea' id='block_1_12' title="bbox 232 3939 1255 4095">
    <p class='ocr_par' dir='ltr' id='par_1_12' title="bbox 232 3939 1255 4095">
     <span class='ocr_line' id='line_1_27' title="bbox 233 3939 621 4009; baseline -0.013 -12"><span class='ocrx_word' id='word_1_115' title='bbox 233 3943 258 4009; x_wconf 81' lang='grc'>1)</span> <span class='ocrx_word' id='word_1_116' title='bbox 285 3941 465 4004; x_wconf 78' lang='lat' dir='ltr'>Schefflerus,</span> <span class='ocrx_word' id='word_1_117' title='bbox 483 3955 508 4008; x_wconf 89' lang='lat' dir='ltr'>p.</span> <span class='ocrx_word' id='word_1_118' title='bbox 527 3939 562 3994; x_wconf 86' lang='grc'>39</span> <span class='ocrx_word' id='word_1_119' title='bbox 580 3953 621 4006; x_wconf 90' lang='lat' dir='ltr'>sq.</span> 
     </span>
     <span class='ocr_line' id='line_1_28' title="bbox 232 4023 1255 4095; baseline -0.008 -13"><span class='ocrx_word' id='word_1_120' title='bbox 232 4029 260 4095; x_wconf 77' lang='grc'>2)</span> <span class='ocrx_word' id='word_1_121' title='bbox 287 4027 465 4089; x_wconf 78' lang='lat' dir='ltr'>Schefflerus,</span> <span class='ocrx_word' id='word_1_122' title='bbox 484 4041 509 4093; x_wconf 85' lang='lat' dir='ltr'>p.</span> <span class='ocrx_word' id='word_1_123' title='bbox 528 4026 564 4080; x_wconf 90' lang='grc'>40</span> <span class='ocrx_word' id='word_1_124' title='bbox 580 4025 650 4078; x_wconf 83' lang='lat' dir='ltr'>dicii</span> <span class='ocrx_word' id='word_1_125' title='bbox 667 4025 802 4092; x_wconf 88' lang='lat' dir='ltr'>ploraque</span> <span class='ocrx_word' id='word_1_126' title='bbox 821 4024 954 4092; x_wconf 85' lang='lat' dir='ltr'>exempla</span> <span class='ocrx_word' id='word_1_127' title='bbox 966 4024 1073 4077; x_wconf 79' lang='lat' dir='ltr'>formas</span> <span class='ocrx_word' id='word_1_128' title='bbox 1090 4033 1186 4075; x_wconf 86' lang='lat' dir='ltr'>-avsro</span> <span class='ocrx_word' id='word_1_129' title='bbox 1205 4023 1255 4075; x_wconf 82' lang='lat' dir='ltr'>aut</span> 
     </span>
    </p>
   </div>
   <div class='ocr_carea' id='block_1_13' title="bbox 127 4106 1255 4267">
    <p class='ocr_par' dir='ltr' id='par_1_13' title="bbox 127 4106 1255 4267">
     <span class='ocr_line' id='line_1_29' title="bbox 127 4106 1255 4181; baseline -0.007 -13"><span class='ocrx_word' id='word_1_130' title='bbox 127 4114 211 4168; x_wconf 80' lang='lat' dir='ltr'>initio</span> <span class='ocrx_word' id='word_1_131' title='bbox 229 4128 331 4168; x_wconf 88' lang='lat' dir='ltr'>versus</span> <span class='ocrx_word' id='word_1_132' title='bbox 348 4114 442 4181; x_wconf 81' lang='lat' dir='ltr'>posita</span> <span class='ocrx_word' id='word_1_133' title='bbox 461 4126 524 4167; x_wconf 90' lang='lat' dir='ltr'>osse</span> <span class='ocrx_word' id='word_1_134' title='bbox 541 4112 598 4181; x_wconf 80' lang='grc'>[76)</span> <span class='ocrx_word' id='word_1_135' title='bbox 626 4113 675 4165; x_wconf 78' lang='lat' dir='ltr'>aui</span> <span class='ocrx_word' id='word_1_136' title='bbox 692 4111 763 4179; x_wconf 85' lang='lat' dir='ltr'>podo</span> <span class='ocrx_word' id='word_1_137' title='bbox 782 4111 880 4179; x_wconf 84' lang='lat' dir='ltr'>quinto</span> <span class='ocrx_word' id='word_1_138' title='bbox 899 4109 961 4179; x_wconf 84' lang='lat'>(33),</span> <span class='ocrx_word' id='word_1_139' title='bbox 991 4110 1105 4175; x_wconf 81' lang='lat' dir='ltr'>praeter</span> <span class='ocrx_word' id='word_1_140' title='bbox 1122 4106 1169 4162; x_wconf 83' lang='lat' dir='ltr'>su.</span> <span class='ocrx_word' id='word_1_141' title='bbox 1189 4106 1255 4162; x_wconf 90' lang='lat' dir='ltr'>XVI</span> 
     </span>
     <span class='ocr_line' id='line_1_30' title="bbox 127 4199 682 4267; baseline -0.005 -13"><span class='ocrx_word' id='word_1_142' title='bbox 127 4199 181 4255; x_wconf 78' lang='lat'>672</span> <span class='ocrx_word' id='word_1_143' title='bbox 199 4201 228 4254; x_wconf 82' lang='lat' dir='ltr'>ei</span> <span class='ocrx_word' id='word_1_144' title='bbox 244 4199 372 4264; x_wconf 85' lang='lat' dir='ltr'>verbum,</span> <span class='ocrx_word' id='word_1_145' title='bbox 390 4199 466 4267; x_wconf 85' lang='lat' dir='ltr'>quod</span> <span class='ocrx_word' id='word_1_146' title='bbox 484 4201 529 4254; x_wconf 80' lang='lat' dir='ltr'>ert</span> <span class='ocrx_word' id='word_1_147' title='bbox 547 4201 682 4253; x_wconf 84' lang='lat' dir='ltr'>sternere.</span> 
     </span>
    </p>
   </div>
   <div class='ocr_carea' id='block_1_14' title="bbox 231 4283 817 4438">
    <p class='ocr_par' dir='ltr' id='par_1_14' title="bbox 231 4283 817 4438">
     <span class='ocr_line' id='line_1_31' title="bbox 232 4283 817 4352; baseline -0.007 -13"><span class='ocrx_word' id='word_1_148' title='bbox 232 4285 258 4349; x_wconf 89' lang='lat'>3)</span> <span class='ocrx_word' id='word_1_149' title='bbox 285 4285 492 4348; x_wconf 83' lang='lat' dir='ltr'>Frohweiuius,</span> <span class='ocrx_word' id='word_1_150' title='bbox 511 4299 537 4352; x_wconf 84' lang='lat' dir='ltr'>p.</span> <span class='ocrx_word' id='word_1_151' title='bbox 557 4284 589 4338; x_wconf 89' lang='grc'>13</span> <span class='ocrx_word' id='word_1_152' title='bbox 608 4297 667 4350; x_wconf 86' lang='lat' dir='ltr'>sqq.</span> <span class='ocrx_word' id='word_1_153' title='bbox 686 4285 715 4336; x_wconf 82' lang='lat' dir='ltr'>et</span> <span class='ocrx_word' id='word_1_154' title='bbox 732 4297 758 4350; x_wconf 87' lang='lat' dir='ltr'>p.</span> <span class='ocrx_word' id='word_1_155' title='bbox 776 4283 817 4336; x_wconf 77' lang='lat'>27.</span> 
     </span>
     <span class='ocr_line' id='line_1_32' title="bbox 231 4371 670 4438; baseline -0.009 -11"><span class='ocrx_word' id='word_1_156' title='bbox 231 4371 259 4438; x_wconf 76' lang='lat'>4)</span> <span class='ocrx_word' id='word_1_157' title='bbox 286 4372 490 4434; x_wconf 77' lang='lat' dir='ltr'>llrolrweinlus</span> <span class='ocrx_word' id='word_1_158' title='bbox 508 4386 534 4438; x_wconf 91' lang='lat' dir='ltr'>p.</span> <span class='ocrx_word' id='word_1_159' title='bbox 553 4371 588 4425; x_wconf 79' lang='lat'>27</span> <span class='ocrx_word' id='word_1_160' title='bbox 607 4371 670 4424; x_wconf 84' lang='lat' dir='ltr'>adm.</span> 
     </span>
    </p>
   </div>
   <div class='ocr_carea' id='block_1_15' title="bbox 0 0 1518 4914">
    <p class='ocr_par' dir='ltr' id='par_1_15' title="bbox 0 0 1518 4914">
     <span class='ocr_line' id='line_1_33' title="bbox 0 0 1518 4914; baseline 0 0"><span class='ocrx_word' id='word_1_161' title='bbox 0 0 1518 4914; x_wconf 95' lang='lat' dir='ltr'> </span> 
     </span>
    </p>
   </div>
  </div>
 </body>
</html>
