3060 4788
767 401 810 465 56

224 611 308 693 apud
330 610 406 676 alios
430 628 536 676 omnes
560 608 734 692 scriptores,
759 627 831 673 cnm
855 608 1030 692 ,optimns“
1055 607 1152 674 etiam
1170 607 1252 693 apud
1267 608 1351 673 hunc

224 730 273 796 bis
295 733 482 814 „optumus“
508 730 657 813 scriptum
681 731 731 795 sit.
775 729 844 794 Hoc
866 746 940 794 sane
963 729 1067 808 miror,
1100 729 1181 812 quod
1208 747 1350 795 maxum·

224 867 263 916 uc
293 850 389 916 semol
421 850 545 932 quidem
575 850 608 916 in
639 848 727 916 codd.
758 848 913 915 servatum
946 849 1003 914 oet.
1027 885 1067 896 -
1090 847 1209 914 Verum
1239 867 1349 931 qnam-

224 988 318 1052 quam
340 985 508 1052 congruere
531 969 687 1034 auctorem
709 967 749 1032 111
771 968 963 1033 Herennium
985 985 1055 1032 cum
1078 966 1189 1032 ceteris
1205 965 1349 1032 concludi

224 1106 285 1155 non
307 1089 390 1168 licet,
413 1089 446 1154 at
468 1089 550 1154 corte
572 1089 611 1154 iis
635 1105 696 1154 non
719 1088 927 1154 contradicere
948 1088 1107 1168 concedas,
1131 1108 1209 1172 quae
1223 1088 1349 1155 tabulae

225 1225 319 1290 supra
340 1206 458 1290 positae
482 1225 537 1272 nos
559 1207 682 1272 docent.

500 1433 538 1513 5)
572 1431 758 1514 Superlatiri
781 1432 865 1516 apud
889 1434 1076 1499 lucretium.

326 1583 453 1648 hachm.
485 1583 575 1649 anr.
607 1604 637 1666 p.
663 1584 724 1648 125
757 1584 811 1669 (ad
833 1586 865 1650 ll
887 1604 913 1651 v.
938 1584 1035 1667 867);
1076 1587 1128 1662 „in
1157 1586 1348 1654 membranis

223 1704 281 1769 hoc
304 1722 364 1769 nno
387 1704 454 1769 loco
476 1704 592 1788 legitur
613 1705 797 1785 manufesta,
821 1725 1008 1772 maxuma
1030 1707 1061 1770 in
1084 1707 1112 1772 V
1134 1706 1218 1772 481⁸⁴
1236 1707 1275 1785 ¹).

511 1929 548 2009 6)
583 1927 770 2011 Superlailvi
793 1927 876 2010 apud
901 1928 1067 1992 0111111111.

326 2080 404 2145 Cum
427 2081 459 2145 in
483 2080 600 2147 Catulli
621 2082 700 2148 libro
724 2083 795 2165 plus
817 2084 1022 2167 quinquagies
1045 2083 1227 2166 superlativi
1242 2101 1349 2150 occur·

222 2201 301 2280 rant,
334 2220 454 2284 semper
482 2201 569 2268 codd.
592 2203 731 2268 vocalem
762 2206 887 2269 tenuem
917 2203 1082 2282 hadidere,
1112 2205 1174 2270 nisi
1204 2204 1348 2288 quodinc.

223 2319 274 2398 75,
298 2319 318 2383 3
343 2322 438 2405 (intra
454 2341 482 2386 a.
498 2320 645 2387 191154
668 2323 851 2406 composito)
874 2324 906 2388 in
931 2323 1096 2390 Oxonicusi
1119 2326 1348 2407 „optuma“

223 2442 374 2522 scriptum
397 2443 454 2508 est.

295 2670 331 2750 7)
365 2668 552 2750 Superlaliri
576 2670 604 2732 in
629 2667 794 2733 ciceronis
816 2669 1020 2750 epistularum
1046 2669 1133 2734 libris
1155 2669 1222 2734 xvi
1240 2668 1276 2750 ²).

325 2820 453 2888 Praeter
484 2821 641 2886 sescentas
673 2821 932 2904 superlativorum
963 2823 1077 2888 formas
1111 2822 1160 2906 ,i“
1185 2822 1293 2887 littera
1314 2822 1348 2887 iu

222 2939 343 3023 syllaba
373 2941 636 3023 antepacnultima
667 2942 798 3024 scriptas
833 2948 891 3021 „n“
925 2942 1049 3024 quidem
1080 2944 1176 3010 vicies
1205 2944 1238 3008 in
1261 2943 1348 3009 codri.

222 3061 378 3125 servatum
401 3063 449 3126 est
471 3064 563 3145 atque
586 3063 683 3129 semel
705 3064 738 3128 in
761 3063 955 3129 omnibns
979 3062 1135 3130 codicibus
1158 3063 1349 3130 aMcndols·

222 3177 329 3246 sohuio
363 3179 511 3245 adhibitis
529 3180 565 3261 ³),
604 3181 767 3264 quinquies
798 3182 829 3246 iu
862 3182 1011 3248 librorum
1043 3184 1111 3248 octo
1143 3183 1350 3266 posteriorum

222 3299 310 3366 codd.
346 3300 373 3364 D
405 3300 564 3384 (Palatino
595 3321 619 3367 s.
651 3301 814 3386 XVJXVI)
849 3302 880 3367 et
908 3302 941 3366 H
973 3301 1155 3387 (Harleiauo
1187 3322 1211 3368 s.
1234 3300 1294 3385 XI)
1311 3300 1350 3386 ⁴),

327 3579 354 3641 1)
381 3577 451 3631 (lum
478 3593 517 3632 ex
543 3580 605 3646 ipso
633 3579 764 3632 Lucretio
792 3577 1351 3644 111111111111131111111111111

222 3664 284 3726 rim,
303 3663 489 3717 llichstaedtii
508 3665 600 3717 indice
617 3679 687 3718 usus
704 3676 763 3717 non
779 3663 877 3715 iuveni
904 3664 1094 3730 superlativos
1121 3663 1150 3716 iu
1170 3675 1264 3716 -umus
1291 3663 1350 3718 nist

225 3751 390 3815 ,maxuma“
410 3749 481 3802 illud
500 3763 517 3803 a
534 3750 714 3804 hachmanuo
732 3751 873 3803 notatum.

233 3839 237 3848 “
325 3837 351 3903 2)
378 3836 416 3890 Ut
443 3835 588 3890 Ciceronis
616 3850 699 3890 usum
727 3835 976 3902 orthographicum
1002 3835 1184 3898 illustrarem,
1211 3835 1350 3904 epistulas

226 3925 275 3988 ,ad
293 3923 462 3976 familiares“
482 3922 548 3975 inde
566 3921 601 3976 ab
619 3936 643 3975 a.
662 3922 696 3975 58
714 3922 795 3975 datas
813 3921 895 3988 elegi,
915 3921 1017 3988 quippe
1035 3935 1108 3988 quae
1127 3921 1226 3976 11893
1243 3935 1261 3975 1
1278 3921 1347 3975 huri.

223 4009 422 4064 blendelssohu
440 4009 577 4075 apparatu
595 4008 693 4061 critico
718 4007 883 4074 plenissimo
902 4007 1058 4061 instructae
1077 4007 1142 4061 sint.

325 4095 352 4162 3)
380 4110 406 4164 p.
425 4093 482 4156 183,
503 4095 537 4148 10
554 4093 644 4147 blond.

326 4183 354 4249 4)
382 4181 451 4236 Cum
478 4195 590 4248 semper
615 4181 645 4234 iu
673 4180 726 4234 hac
752 4193 784 4232 re
801 4178 825 4231 Η
844 4191 908 4232 cum
925 4177 950 4230 D
970 4177 1064 4239 faciat,
1092 4178 1127 4232 ab
1153 4179 1189 4232 iis
1217 4178 1351 4232 accurate

223 4282 389 4338 expressam
416 4281 480 4322 esse
508 4266 657 4333 archetypi
683 4264 836 4329 imaginem
864 4264 1012 4325 evincitur,
1040 4277 1124 4329 quem
1151 4263 1276 4317 Mediceo
1302 4263 1352 4316 vel

223 4355 370 4424 aequalem
388 4353 435 4408 vel
447 4355 515 4407 natu
529 4353 669 4406 minorem
680 4351 769 4404 inisse
781 4348 1023 4402 hlenhelssohnins
1035 4350 1074 4415 (p.
1087 4348 1167 4402 XXV
1170 4361 1179 4414 p
1192 4349 1349 4404 existimat.

817 4663 962 4722 β.
