3026 4914
748 414 809 479 176

218 619 395 686 trimetrum
417 620 648 702 anapaestieum
671 619 886 688 eatuleetieum
909 618 1063 702 ponimus.
1107 615 1179 683 Nou
1193 614 1367 680 traditum

218 740 276 816 est,
307 739 341 804 ni
369 738 471 816 fuller,
506 739 662 818 „abitere“
687 739 817 805 nisibis
840 740 877 806 R.
901 736 963 801 777
987 738 1019 803 et
1040 736 1098 818 Ep.
1120 735 1194 812 304,
1222 734 1366 800 coniec-

219 857 298 924 turis
320 877 348 924 u.
373 857 403 922 d.
425 857 550 924 illatum
571 859 702 926 11815.
727 859 829 937 12433
853 859 946 941 Am1).
962 858 1020 941 srg.
1038 855 1079 920 15
1096 854 1133 939 (t)
1148 855 1188 922 91.
1226 853 1365 920 Eadem

218 979 337 1045 ratione
368 998 397 1045 u.
421 979 450 1043 d.
478 979 510 1043 in
541 979 612 1045 aliis
644 979 734 1044 huius
767 979 854 1045 verbi
885 977 1064 1059 oompesitis
1095 975 1264 1040 inferendis
1299 975 1363 1040 usi

219 1101 292 1163 eunt
308 1099 344 1178 ¹),
379 1117 439 1181 qua
468 1099 501 1163 in
533 1118 565 1164 re
597 1098 721 1183 longius
752 1098 976 1182 precesserunt.
1031 1095 1146 1176 Quodsi
1179 1095 1358 1174 „aretum

217 1220 350 1285 missum
379 1219 538 1299 faciamus,
574 1220 629 1286 eut
659 1238 730 1284 eum
760 1219 862 1284 Leone
885 1217 945 1285 duo
968 1216 1093 1283 dimetri
1116 1215 1357 1301 (paroemieeus

219 1341 251 1404 et
273 1341 348 1405 dim.
372 1341 464 1424 seat.)
488 1339 691 1406 rescindendi
713 1341 797 1420 suut,
818 1342 922 1445 uetere
945 1339 1112 1406 Camerarii
1133 1338 1229 1403 duce:

392 1495 435 1560 Ni
457 1496 563 1575 ubete,
588 1513 776 1578 quemquam
798 1496 939 1561 tubelle
961 1513 994 1560 es

393 1615 514 1680 Melum
536 1595 595 1680 dei
617 1633 768 1700 magnum
790 1614 869 1681 dabo
893 1615 967 1680 idm.
994 1621 1028 1693 iss
1056 1613 1169 1680 Patiar.

218 1770 274 1834 aut
293 1788 372 1834 unus
395 1769 570 1834 octonarius
594 1768 701 1851 („Nisi
723 1770 815 1836 ebees
838 1787 868 1852 q.
891 1771 963 1850 s.“).

321 1976 355 2060 6)
385 1976 441 2058 Cp.
463 1976 528 2041 749
558 1955 699 2053 Peristis
734 1976 822 2041 uisi
852 1976 934 2040 hune
965 1976 1027 2041 ium
1059 1974 1265 2056 eeonspectu
1288 1973 1349 2039 ab·

1187 2092 1300 2158 dicitis

320 2250 453 2336 Pylades
477 2249 710 2333 Sehoelliusque
735 2251 817 2329 „ism
839 2252 951 2329 huue“‚
976 2251 1012 2316 ut
1033 2248 1153 2314 hiatum
1177 2249 1346 2330 expellant.

320 2456 355 2538 7)
387 2456 445 2538 Ep.
469 2455 532 2520 279
555 2435 618 2521 Ubi
640 2457 698 2522 erit
720 2457 834 2540 empta,
858 2456 1021 2538 utilique
1044 2473 1080 2520 ex
1102 2455 1176 2521 urbe
1199 2455 1344 2520 amoveas

1003 2579 1094 2639 uisi
1118 2555 1192 2656 quid
1214 2575 1301 2639 tuest

323 2706 436 2805 „Nisi“
474 2730 538 2795 siue
570 2729 761 2795 trochaicum
793 2729 856 2793 sive
888 2727 1088 2811 spondaieum
1119 2728 1239 2794 hiatum
1271 2729 1344 2810 pest

218 2846 332 2924 ‚,urbe“
357 2847 497 2910 amovet:

320 2994 381 3082 Ubi
418 3017 477 3082 erit
513 3019 637 3100 empta,
678 3017 713 3082 ut
751 3017 854 3101 ilique
891 3036 927 3082 eu
963 3018 1038 3083 urbe
1075 3021 1216 3083 ameveas
1255 3017 1342 3082 uisi

294 3133 297 3139 '
1105 3119 1179 3220 quid
1202 3139 1296 3204 tuest.

317 3325 351 3411 8]
382 3326 465 3391 Μ99.
498 3325 561 3389 822
592 3325 688 3391 Nisi
719 3345 779 3408 quo
810 3328 899 3392 noete
929 3327 987 3392 hee
1018 3326 1170 3410 migrasti.
1203 3363 1246 3374 —
1268 3345 1340 3392 999-

1046 3445 1119 3512 eede
1141 3446 1199 3511 hae
1221 3445 1296 3511 filia.

318 3599 449 3663 Versum
482 3598 526 3662 sic
558 3599 589 3663 in
612 3598 700 3664 libris
723 3597 871 3663 traditum
896 3599 1067 3666 Scheellius
1089 3600 1246 3684 integrum
1269 3601 1338 3664 red-

218 3715 288 3780 dere
311 3717 437 3781 eonetus
459 3717 516 3794 est,
540 3737 609 3783 eum
634 3717 749 3784 edidit:

318 3851 389 3936 Nisi
413 3887 472 3954 quo
495 3871 584 3935 noete
608 3871 666 3938 hse
687 3871 877 3956 dumigrssti.
902 3911 941 3924 ·-·
965 3875 998 3939 td
1018 3874 1150 3940 eoneede
1172 3874 1233 3939 hue
1257 3854 1338 3939 filia.

217 4067 471 4076 ——ss

320 4186 347 4246 1)
376 4185 414 4238 er.
434 4200 457 4239 e.
476 4201 502 4253 g.
521 4184 576 4239 uu.
595 4185 653 4248 997,
673 4185 718 4254 up.
738 4187 796 4241 999.
816 4187 883 4249 999
911 4187 976 4241 viee
994 4187 1128 4243 seuerus
1146 4191 1207 4244 aun.
1227 4191 1263 4245 au
1281 4189 1338 4246 uri.
1401 4175 1403 4181 '

215 4268 274 4322 598.
294 4267 351 4324 798.
370 4271 428 4325 885.
465 4271 610 4326 Uberrime
638 4273 672 4326 de
698 4273 753 4326 hoe
776 4273 864 4327 verbo
884 4273 975 4340 priseo
993 4273 1050 4327 Leo
1069 4275 1203 4330 disseruit
1221 4277 1251 4330 in
1269 4275 1337 4330 Mus
1491 4267 1492 4302 ³

215 4353 302 4409 Rhen.
322 4358 397 4418 1883,
416 4371 442 4425 p.
460 4359 495 4412 24
512 4371 570 4426 sqq.
