3060 4788
736 393 778 455 79

190 592 305 658 aetatis
337 592 501 674 scriptores
532 593 682 661 iambicos
712 595 906 662 tractandam
938 614 1005 661 esso
1035 595 1098 661 iarn
1129 596 1318 679 supradixi,

189 712 225 790 2)
250 731 356 778 versus
379 714 434 777 aut
455 714 593 794 corrupti
615 716 669 778 ant
691 715 723 778 in
748 716 836 780 libris
860 735 953 782 manu
982 715 1105 800 scriptis
1136 717 1219 782 vario
1251 719 1316 782 tra-

188 831 249 895 diti
271 830 366 896 latius
390 850 426 896 ao
447 831 547 898 fusius
570 832 784 898 considerandi
799 836 879 913 sunt,
907 834 941 917 3)
964 853 992 900 a.
1010 834 1103 914 1884,
1126 854 1186 918 quo
1201 836 1318 920 Engui-

187 951 313 1016 brechti
335 950 503 1034 disputatio
527 951 612 1016 edita
634 955 690 1032 est,
725 953 854 1020 dimidia
884 955 1008 1020 tentum
1039 975 1111 1039 perr
1142 955 1318 1022 fabularum

189 1069 408 1137 Plautinarum
441 1072 671 1139 commentariis
703 1074 819 1139 criticis
850 1074 1003 1140 instructa
1034 1075 1199 1158 prodierat,
1237 1096 1318 1141 nune

188 1192 221 1256 et
252 1209 360 1256 omnes
392 1192 503 1276 viginti
535 1212 553 1257 a
584 1192 805 1260 Ritscheiianis
839 1194 904 1260 iilis
926 1196 1026 1262 editae
1050 1196 1081 1262 et
1103 1197 1319 1280 fragmentaa

190 1308 333 1375 Wintero
357 1310 542 1394 Goetaioque
565 1312 695 1378 collecta
718 1315 800 1393 sunt,
828 1315 861 1398 4)
884 1315 1016 1398 donique
1038 1333 1116 1397 quae
1131 1315 1318 1398 gravissima

189 1429 267 1493 mihi
298 1430 359 1494 iuit
391 1448 492 1508 causa,
532 1430 568 1493 ut
602 1449 669 1495 rem
706 1433 916 1512 retractarem,
955 1433 1202 1518 Engeibrechtus
1240 1433 1319 1497 duo

188 1552 419 1616 formarum
457 1551 632 1616 ordines
670 1570 730 1618 non
762 1552 911 1633 distinxit,
944 1572 1020 1637 quos
1052 1553 1217 1619 seiunctim
1247 1571 1318 1635 per-

189 1671 370 1736 lustrandos
395 1691 462 1737 esse
485 1673 654 1737 contendo:

295 1791 307 1854 i
341 1809 403 1870 eas,
442 1809 571 1876 quarum
603 1792 744 1858 clausula
775 1791 879 1858 iambo
911 1794 960 1858 vei
992 1794 1104 1860 cretico
1135 1796 1317 1878 respondet:

187 1911 330 1977 futurum
353 1914 504 1990 exactum,
529 1913 732 1979 indicativum
756 1916 1062 1998 plusquamperseoti,
1087 1916 1318 1982 coniunctivum

188 2031 318 2113 perfecti
351 2043 547 2108 „amavoro“,
588 2039 815 2113 „amaveram“,
851 2036 1057 2112 „amaverim
1091 2038 1147 2116 (==
1170 2063 1188 2086 ν
1205 2070 1222 2079 -
1239 2063 1257 2085 υ
1273 2038 1317 2117 -),

188 2151 300 2234 quibus
334 2150 531 2236 adiungenda
562 2154 609 2218 est
631 2153 730 2218 forma
753 2155 773 2218 3
796 2173 943 2236 personae
965 2155 1096 2238 pluralis
1120 2155 1325 2239 perfecti·in-'

189 2271 328 2348 uicatim,
366 2290 443 2355 quae
482 2291 571 2355 saepe
610 2273 688 2338 hanc
722 2273 850 2357 praebet
880 2293 1057 2341 mensuram
1094 2276 1317 2355 „amaverunt‘

292 2513 326 2578 ΙΙ
349 2532 408 2590 eas,
444 2515 576 2596 quaein
599 2514 778 2579 trochaeum
801 2513 1009 2596 spondeumue
1033 2514 1166 2580 cadunt:
1203 2515 1223 2578 2
1246 2533 1317 2597 per-

189 2652 297 2698 sonam
321 2632 450 2715 perfecti
471 2632 641 2712 indicativi,
675 2634 905 2699 coniunctiuum
932 2633 1238 2716 plusquamperfeoti,
1271 2635 1319 2699 in-

189 2753 346 2818 finitivum
374 2753 504 2835 perfecti
530 2753 771 2838 ,amavisti(s)“,
804 2754 1061 2837 „amavissetm]“
1093 2754 1149 2838 (=
1172 2782 1190 2804 υ
1206 2789 1224 2796 -
1240 2759 1317 2833 ³1).

293 2873 377 2953 Quos
407 2873 579 2938 formarum
610 2873 731 2940 ordines
763 2893 799 2939 ea
831 2876 869 2939 de
897 2893 990 2941 causa
1012 2873 1228 2940 discernendos
1251 2893 1317 2940 esso

190 2995 275 3076 puto,
307 2994 389 3077 quod
421 3013 566 3060 uersuum
597 2994 755 3061 structura
786 2996 931 3060 effectum
952 2997 1010 3076 est,
1041 2996 1077 3061 ut
1099 3014 1225 3078 prorsus
1248 2995 1317 3061 aliis

189 3113 362 3180 rationibns
400 3114 620 3179 adhiberentur
657 3114 774 3180 formae
812 3119 921 3198 plenae
959 3117 1171 3182 contractaeve
1202 3115 1317 3180 ordinis

190 3253 282 3318 quem
315 3235 412 3300 statui
442 3235 553 3318 prioris
585 3237 676 3319 atque
708 3235 848 3301 alterius.
892 3235 982 3315 Quod
1012 3236 1178 3301 discrimen
1200 3234 1317 3318 dingel-

189 3356 335 3422 breohtus
358 3373 429 3421 cum
451 3357 648 3440 neglexisset,
669 3376 776 3424 verum
799 3357 947 3441 indagare
970 3375 1030 3422 non
1052 3356 1155 3437 potuit
1183 3357 1207 3439 ).

293 3475 466 3543 Conradtus
489 3478 571 3544 enim
593 3479 614 3544 l.
638 3498 662 3544 s.
687 3478 708 3543 l.
741 3479 821 3544 hanc
851 3477 953 3561 legem
985 3477 1113 3544 statuit:
1152 3477 1210 3557 „In
1242 3476 1317 3542 den-

186 3598 312 3682 jenigon
341 3598 484 3682 Formen,
514 3598 563 3662 dio
594 3617 653 3664 von
677 3598 838 3673 Perfecton
861 3597 915 3662 auf
935 3598 1011 3677 -avi,
1036 3597 1110 3674 -evi,
1134 3598 1203 3664 -ovi
1225 3595 1317 3681 ehge-

188 3719 279 3786 leitet
301 3719 370 3785 sind
402 3721 467 3786 und
487 3722 520 3787 in
544 3721 642 3788 denen
675 3721 724 3786 die
756 3721 949 3805 angehtngte
979 3721 1114 3807 lindung
1145 3721 1221 3788 mit
1252 3741 1318 3788 -er

294 4002 320 4066 1)
348 3999 464 4054 Minoris
492 3999 565 4054 facio
590 4014 711 4063 errores,
739 4014 809 4066 quos
828 4000 1052 4067 Engelbrechtus
1070 3999 1100 4051 in
1118 3996 1237 4063 singulis
1255 4009 1316 4049 ver-

189 4087 268 4141 sibus
296 4087 447 4151 commisit,
475 4087 554 4141 velut
581 4086 667 4142 falsas
693 4087 831 4141 indicavit
850 4087 979 4141 codicum
997 4085 1151 4152 scripturas
1169 4083 1205 4136 ad
1222 4081 1316 4136 Plauti

187 4186 236 4226 vv.
255 4173 334 4241 Amp.
353 4173 412 4237 272,
430 4172 478 4226 As.
498 4173 539 4228 79.
559 4173 617 4237 727,
637 4173 702 4226 'Pru
721 4173 780 4236 957,
798 4172 861 4226 Aul.
875 4173 933 4235 266,
953 4171 1018 4225 'Pru
1030 4169 1082 4225 575
1094 4169 1146 4233 ai.;
1165 4167 1316 4223 nonnullos

187 4259 285 4313 autern
303 4273 405 4314 versus
424 4260 521 4314 omisit
538 4261 618 4314 velut
635 4259 721 4315 Poen.
741 4259 816 4323 1044,
834 4259 890 4312 Mil.
909 4258 969 4322 922,
995 4257 1025 4310 id.
1044 4255 1130 4318 9562,
1158 4254 1238 4323 amp.
1256 4253 1316 4318 468,

186 4345 220 4399 R.
240 4345 299 4410 591,
326 4343 477 4409 titilius,
506 4344 552 4414 cp.
571 4346 630 4401 306.
