3026 4914
756 408 817 471 166

682 497 886 508 m

328 617 393 680 Iam
417 615 510 678 finem
532 613 690 689 iaciemus,
716 615 815 695 nequ'e
837 611 918 678 enim
937 612 1075 692 tempore
1090 608 1248 691 premente
1264 608 1350 674 verbi

225 735 316 800 eundi
340 735 511 817 perfeetum
534 735 644 800 noteris
667 733 813 816 perfectis
835 733 866 798 in
890 731 949 797 ·ivi
978 729 1159 797 exeuntibus
1182 727 1350 814 adiungere

225 856 383 940 potuimus
407 873 503 936 neque
526 855 702 938 posterioris
726 854 838 920 aetatis
861 853 967 935 poetas
997 850 1156 931 iambioos,
1188 865 1239 915 eos
1272 847 1349 913 diei·

225 995 303 1054 mus,
337 975 389 1057 qui
411 976 481 1057 post
504 974 651 1041 Senecam
676 973 905 1060 tragoediarum
929 973 1053 1057 poetam
1075 972 1210 1050 luerunt,
1246 968 1348 1053 legere

225 1114 272 1162 res
296 1098 351 1160 aut
372 1098 512 1178 tempora
544 1095 690 1161 siverunt.
736 1093 842 1158 Trium
865 1095 970 1158 autem
993 1091 1186 1158 saeoulorum
1210 1088 1348 1171 exempla

225 1217 278 1299 qui
310 1216 475 1302 diligenter
506 1215 735 1296 examinaverit,
768 1215 851 1298 leges
881 1213 953 1280 illas
985 1213 1071 1292 dues,
1104 1231 1180 1295 quas
1203 1229 1295 1295 supra
1318 1230 1347 1294 p.

225 1336 266 1399 94
290 1337 508 1404 constituimus
532 1335 728 1402 confirmatas
752 1354 818 1400 esse
842 1332 1004 1410 concedam
1043 1352 1113 1398 nam
1145 1332 1238 1399 verba
1265 1351 1345 1410 sane,

225 1476 353 1539 quorum
376 1458 547 1540 perfeetum
569 1457 600 1521 in
626 1457 691 1522 -evi
713 1458 744 1521 et
766 1456 832 1521 -ovi
860 1454 952 1534 eadit,
985 1455 1070 1520 extro
1101 1453 1211 1520 harum
1241 1454 1346 1536 legum

225 1577 301 1644 fines
324 1598 389 1644 esse
412 1577 553 1660 ponenda
576 1579 715 1661 apertum
741 1577 797 1656 est,
831 1576 915 1641 nullo
943 1549 1029 1640 enirn
1060 1575 1198 1658 tempore
1223 1574 1345 1639 illorum

227 1698 393 1778 eontraolio
430 1698 461 1762 in
499 1698 600 1781 gralia
637 1716 765 1782 usquein
805 1696 866 1764 fuit
902 1697 1036 1778 exeeptis
1070 1695 1216 1760 videlieet
1247 1693 1346 1758 verbis

227 1819 436 1903 „quiesoere“,
468 1824 719 1898 „eonsuesoe1·e“,
754 1819 980 1896 „insuescere“,
1017 1821 1240 1893 „assuescere“,
1278 1833 1345 1879 ver-

225 1937 322 2022 boque
348 1942 525 2020 „nosoere“,
548 1957 625 2020 quae
649 1940 751 2004 omnia
766 1937 837 2002 indo
854 1957 872 2002 a
887 1937 1011 2002 Terenti
1026 1936 1095 2001 Afri
1111 1937 1211 2002 aelate
1227 1953 1346 2018 semper

224 2057 285 2122 lere
309 2057 466 2122 oontruola
488 2057 568 2121 sunt.
615 2056 673 2121 Sed
696 2075 768 2122 nava
791 2056 925 2139 expellas
949 2074 1001 2120 eas
1025 2055 1147 2134 formas,
1172 2073 1249 2138 quae
1265 2055 1344 2138 legi-

224 2178 280 2242 bus
303 2177 366 2241 illis
389 2179 570 2260 repugnant,
594 2196 666 2242 nam
689 2193 758 2241 oum
782 2177 892 2242 ueteris
915 2177 946 2241 in
970 2176 1060 2240 rebus
1083 2177 1148 2241 tum
1172 2174 1345 2258 inperfecti

224 2279 431 2364 nontraotione
453 2315 634 2380 progressus
657 2317 715 2363 non
739 2316 800 2363 uno
824 2295 873 2363 die
896 2297 995 2362 iaetus
1018 2298 1073 2376 est,
1105 2296 1158 2364 sed
1181 2295 1345 2380 paullatim

223 2421 254 2484 ot
276 2419 509 2503 pedetemptim.
555 2419 668 2486 Contra
691 2438 795 2485 omnes
818 2419 944 2497 formae,
975 2436 1053 2501 quae
1077 2418 1345 2483 oonieeturis

223 2560 251 2604 v.
276 2539 305 2604 d.
337 2540 442 2606 illatae
474 2538 558 2624 loges
590 2541 710 2606 nostras
741 2539 879 2617 laedunt,
918 2539 954 2604 de
988 2539 1088 2604 medio
1120 2539 1343 2616 removeantur,

222 2658 308 2722 velut
329 2677 469 2724 averem
493 2659 628 2723 modium
645 2658 683 2722 ‚in
707 2677 829 2724 versum
853 2659 1013 2741 poetarum
1044 2657 1245 2750 iambioorum
1275 2657 1347 2738 post

222 2777 371 2842 Plautum
393 2778 528 2854 illatum,
550 2779 598 2841 vel
622 2779 733 2844 avisii
754 2779 863 2860 poetis,
891 2778 943 2860 qui
966 2779 1037 2860 post
1059 2777 1237 2844 Terentium
1261 2778 1347 2842 vixe-

221 2899 293 2962 runt
317 2897 432 2976 datum,
457 2897 604 2963 -avissem
627 2899 697 2980 post
719 2897 812 2962 Ennii
834 2898 977 2962 aetatem.

323 3051 527 3133 -Denique
560 3052 707 3117 nonnulla
739 3052 775 3117 de
808 3051 935 3117 eooenlu
968 3051 1127 3117 adicienda
1158 3058 1239 3132 sunt,
1271 3069 1343 3118 nam

220 3171 354 3237 vidimus
386 3171 475 3255 longe
506 3172 537 3237 in
570 3173 713 3256 plurimis
745 3172 846 3237 verbis
878 3175 984 3238 versis
1019 3175 1100 3238 ioius
1123 3191 1192 3238 oum
1216 3172 1344 3238 aooenlu

220 3294 306 3360 verbi
337 3313 511 3374 congruere,
551 3294 630 3377 quod
662 3296 842 3378 praesertim
874 3294 913 3361 ad
946 3314 998 3360 eas
1029 3296 1164 3377 pertinet
1197 3293 1342 3378 syllabas,

221 3431 298 3493 quae
322 3431 390 3478 oum
415 3433 450 3479 eu
474 3414 678 3480 contractione
703 3416 825 3481 exortae
855 3414 917 3480 sint
949 3415 1025 3482 duas
1056 3417 1144 3498 quasi
1175 3414 1341 3490 continent,

220 3551 246 3596 e.
270 3552 299 3615 g.
323 3534 454 3599 Plautus
477 3537 508 3599 in
531 3536 747 3601 terminatione
771 3536 848 3600 -asti
872 3553 992 3619 semper
1015 3537 1172 3601 aoeentum
1206 3537 1237 3599 in
1269 3553 1342 3617 pae-

220 3650 352 3715 nultima
383 3652 503 3734 posuit:
541 3655 629 3720 -esti
684 3653 715 3719 si
748 3673 852 3721 versus
884 3656 964 3721 ictus
996 3673 1065 3722 oum
1098 3655 1225 3720 aeoentu
1257 3652 1340 3720 verbi

221 3767 406 3834 dissociatus
429 3769 486 3849 est,
509 3775 567 3834 noo
589 3773 750 3836 excusatur

283 3926 338 3991 aut
360 3924 504 3989 elisione:
537 3925 603 3990 Mil.
627 3927 690 3991 726
721 3930 943 4010 paravisse
977 3948 1052 3994 uno

284 4045 338 4108 aut
361 4043 485 4109 enolisi:
519 4043 573 4110 Cu.
599 4047 638 4108 18
670 4029 943 4114 cenavistine

221 4216 275 4279 aut
297 4235 342 4292 eo,
367 4217 447 4298 quod
472 4217 597 4283 verbum
622 4219 692 4284 ante
715 4219 860 4283 ultimum
883 4221 1020 4286 iambum
1044 4223 1169 4309 (senarii
1192 4224 1247 4289 aut
1267 4221 1337 4287 teir.

219 4331 272 4414 tr.)
296 4335 429 4412 positum
454 4337 509 4414 est,
534 4355 559 4400 e.
583 4356 631 4418 g.:
