3026 4914
729 395 772 460 90

192 601 301 677 ,sieta
336 601 454 680 ,sient‘
488 618 585 682 neque
616 600 674 664 hcc
706 617 780 664 casu
812 600 929 664 iactum
959 617 1026 664 esse
1053 598 1214 680 quisquam
1238 615 1315 663 con·

188 720 305 788 tendet.
350 720 452 801 Atque
475 719 532 784 hoc
555 719 678 802 quidem
709 721 841 784 maximo
871 717 1126 784 considerandum
1156 719 1221 783 est:
1259 719 1316 786 aut

188 838 280 904 failor
302 840 357 903 aut
379 838 518 903 futuri
550 839 690 905 exacti
722 838 803 921 quod
827 838 940 903 dicitur
964 838 1120 904 formae
1151 839 1315 921 primae

189 955 1316 1038 obsecundaepersonaepluralisnoninvoniuntur

189 1074 298 1157 apud
328 1075 546 1152 Plautum3
583 1076 664 1158 qnod
688 1077 715 1140 si
737 1095 844 1142 verum
866 1078 922 1152 est,
955 1074 1085 1144 candem
1108 1093 1234 1140 causam
1256 1094 1315 1141 va·

188 1196 283 1261 luisse
315 1215 438 1262 necesse
461 1199 517 1272 est,
550 1215 611 1278 qua
632 1196 748 1261 formae
773 1197 940 1274 ,siemus“,
972 1196 1102 1274 „siccior
1124 1196 1236 1262 desunt
1257 1197 1313 1262 lit-

188 1316 263 1380 ten‘s
294 1315 400 1382 latinis
417 1317 453 1398 ¹).
497 1316 541 1382 Ut
571 1316 603 1380 in
635 1316 773 1382 versibus
805 1336 823 1381 a
854 1315 1001 1382 Cicerone
1025 1336 1041 1382 e
1064 1319 1155 1398 poeta
1177 1317 1313 1399 quodam

188 1437 326 1502 scaenico
371 1436 531 1518 exscriptis
569 1436 610 1518 (v.
653 1455 746 1519 supra
784 1457 814 1519 p.
854 1436 906 1514 86,
947 1436 1018 1502 adn.
1061 1437 1092 1518 l)
1141 1436 1241 1514 „sint“
1282 1439 1316 1502 et

189 1555 309 1634 „sient“
334 1556 419 1620 nullo
443 1555 621 1620 discrimine
643 1556 802 1637 usurpata,
834 1555 894 1621 nisi
926 1556 1007 1639 quod
1038 1556 1118 1622 illud
1149 1555 1251 1620 medio
1280 1557 1316 1622 in

188 1694 288 1751 versu,
327 1676 385 1741 hoc
416 1676 542 1740 exeunte
575 1675 761 1739 collocatum
795 1677 851 1752 est,
888 1676 933 1741 ita
963 1696 990 1742 e.
1014 1695 1041 1741 c.
1072 1680 1104 1742 in
1127 1676 1240 1742 Pseud.
1262 1695 1314 1742 vv.

188 1793 251 1856 332
275 1814 319 1876 sq.
337 1794 361 1880 ²)
384 1795 470 1860 nullo
494 1795 556 1860 aiio
580 1794 756 1860 discrimine
780 1796 919 1860 futurum
943 1798 956 1861 Ι
981 1798 1013 1862 et
1035 1798 1193 1862 exactum:

188 1927 271 2028 Quid
294 1950 354 2011 eo?
380 1953 414 2024 iss
443 1947 553 2011 banios
575 1927 647 2010 inde
671 1965 885 2013 accersam
918 1948 978 2013 duo
1001 1968 1072 2014 oum
1094 1949 1315 2016 tintinndbulis

188 2065 304 2130 Eadem
327 2065 387 2130 duo
409 2067 517 2149 greges
541 2068 697 2150 virgarum
719 2067 791 2131 indo
815 2067 988 2134 riimearum
1012 2069 1204 2154 adegero.

291 2254 325 2335 8)
362 2253 532 2337 Participia
568 2255 696 2337 periooti
733 2275 803 2321 curn
840 2257 975 2340 perfecto
1008 2258 1094 2323 verbi
1125 2258 1314 2325 substantivi

191 2374 361 2452 coniuncto,
386 2376 421 2440 ut
443 2376 609 2442 oblitus
633 2377 713 2453 fui,
744 2378 893 2443 vectus
925 2379 987 2444 fui
1019 2380 1098 2454 sim..
1132 2380 1314 2463 plerumque

187 2495 219 2558 in
250 2495 310 2560 fine
341 2514 447 2560 versus
479 2497 662 2575 invenimus,
697 2498 880 2579 praesertim
913 2499 940 2563 si
977 2499 1060 2576 „iui“
1097 2500 1183 2565 nullo
1220 2502 1315 2566 verbo

186 2614 394 2680 intercedente
418 2616 573 2698 participii
598 2615 728 2680 formam
752 2617 873 2699 excipit.

289 2804 323 2886 9)
360 2804 456 2869 Verbi
487 2806 706 2882 „blatire“
743 2807 842 2872 forma
872 2807 1020 2888 „blatis“,
1057 2829 1134 2892 quae
1156 2811 1206 2876 ter
1229 2813 1315 2896 apud

187 2925 335 2991 Plautum
358 2925 441 2990 extat
462 2925 493 2990 in
517 2925 577 2990 fine
599 2945 724 2992 versus:
758 2930 850 3010 Amp.
873 2927 947 3006 626,
973 2929 1028 2996 Cu.
1050 2930 1125 3010 452,
1149 2932 1205 3014 Cp.
1229 2932 1313 3010 334;

191 3117 448 3128 -ο--ᾑ

290 3220 317 3281 1)
345 3218 416 3273 Vide
434 3233 520 3286 supra
537 3233 562 3286 p.
581 3220 622 3274 86.
659 3219 700 3274 Ne
727 3220 756 3274 id
783 3222 894 3288 quidem
915 3222 977 3275 sine
1001 3237 1088 3278 causa
1116 3224 1222 3280 factam
1249 3241 1314 3282 ease

186 3307 263 3372 puto,
283 3306 417 3373 qnoniam
434 3306 523 3360 futuri
541 3307 659 3372 primi
678 3307 753 3374 qnod
771 3308 868 3362 dicunt
887 3309 1004 3375 pluralis
1024 3323 1163 3376 personae
1176 3312 1187 3365 i
1202 3315 1231 3366 at
1244 3313 1314 3368 ibae

186 3391 292 3445 formas
311 3407 368 3446 non
387 3392 486 3446 deesse
505 3393 641 3456 videmus
673 3395 748 3448 siout
767 3395 897 3458 „simns“,
918 3397 1012 3460 „sitis“
1032 3410 1090 3449 non
1108 3397 1218 3460 desunt,
1247 3400 1314 3454 iicet

187 3477 243 3529 sint
270 3479 359 3531 multo
387 3479 511 3532 rariores
538 3479 623 3533 tertia
641 3483 763 3546 persona
783 3481 884 3546 singul.
904 3485 932 3534 et
951 3482 1021 3548 plur.
1042 3483 1087 3536 vel
1106 3485 1197 3550 prima
1215 3500 1313 3540 secun·

187 3561 277 3626 daque
295 3563 455 3628 singularis.
492 3563 650 3625 Cremerae,
678 3565 713 3618 de
739 3565 855 3631 perfecti
886 3568 1061 3621 coniunctivi
1088 3582 1142 3622 usu
1164 3573 1313 3636 potentiali
1358 3567 1363 3574 '

187 3646 260 3712 apud
286 3647 395 3712 priscos
423 3650 575 3716 scriptores
601 3650 726 3704 Latinos.
756 3650 841 3717 Marp.
862 3652 929 3706 1886
948 3651 1113 3710 observavit
1131 3657 1249 3722 perreori
1269 3671 1313 3711 co·

186 3731 324 3784 niunctivi
343 3731 462 3797 primam
480 3733 597 3798 pluralis
616 3736 681 3787 ante
699 3734 814 3789 Rhetor.
837 3737 872 3790 ad
899 3737 1063 3792 Herenn.
1092 3741 1227 3808 scriptam
1254 3757 1312 3798 non

185 3817 242 3884 legi
261 3817 422 3882 (Deeokius.
441 3819 573 3873 Bursiani
590 3819 691 3874 Annei.
710 3835 736 3874 v.
755 3821 882 3875 LXXVII
900 3837 925 3889 p.
945 3823 1012 3888 277).

288 3904 315 3965 2)
343 3917 369 3956 v.
389 3902 577 3968 Meiiiartium,
596 3920 620 3972 p.
640 3907 682 3961 23.

287 3989 313 4056 3)
342 3988 447 4044 Contra
477 3990 625 4054 ,dedecet“
652 3993 682 4045 in
701 3994 849 4059 poetarum
867 3994 1063 4048 scaenicorum
1083 3996 1187 4050 fabulis
1206 3997 1312 4052 fabula·

185 4089 304 4143 rumque
330 4076 428 4130 frustis
455 4091 512 4130 non
534 4077 684 4140 invenitur,
714 4080 789 4146 quod
816 4079 922 4142 sciam;
951 4080 1026 4134 haud
1053 4082 1142 4144 aliter,
1171 4083 1312 4145 ‚dedocus‘

185 4174 243 4214 non
264 4162 370 4228 legitur
386 4164 441 4216 nisi
470 4164 615 4218 rarissime
633 4165 707 4230 apud
737 4164 877 4226 Plautum,
905 4167 993 4219 soma}
1024 4169 1099 4233 apud
1130 4167 1310 4233 'Parentium

185 4260 253 4311 ergo
272 4246 386 4300 Rostius
406 4251 519 4311 erravit,
548 4263 610 4302 oum
636 4251 666 4302 in
683 4250 771 4303 Persa
789 4249 921 4304 Plautina
938 4251 974 4318 (v.
994 4253 1057 4316 220)
1084 4255 1162 4315 ,haut
1180 4255 1309 4309 dedeoot‘

187 4331 351 4385 coniciebat.
