3060 4788
739 419 781 484 31

659 509 865 518 ----ο---

284 645 372 694 rum
394 625 611 692 vcnulium
634 625 714 709 (CIL
737 625 784 690 lll
807 626 827 688 2
850 645 880 708 p.
902 624 967 690 801
992 626 1093 710 sqq.):

329 745 518 827 Superlativi
541 765 662 828 semper
687 745 736 822 ,i,
761 746 867 812 littera
890 747 1008 829 scripti.
1190 734 1193 742 ¹

301 900 362 966 Hic
385 902 567 984 conspectus
589 919 645 966 uos
668 900 757 967 docet
780 920 840 966 non
863 902 967 968 subito
990 903 1060 984 post
1082 902 1222 970 Caesaris
1244 925 1328 972 mor-

198 1023 263 1086 tem
287 1020 539 1104 orthographiam
563 1039 672 1086 novam
696 1021 727 1085 in
751 1039 841 1086 usum
865 1022 986 1090 venisse
1013 1024 1045 1088 in
1064 1024 1165 1090 titulis
1181 1026 1329 1093 Romame

198 1143 291 1225 atque
308 1142 341 1206 ni
356 1141 446 1205 fallor
461 1141 493 1205 in
511 1159 651 1206 sermone
667 1142 792 1206 senatus
816 1143 1117 1226 magistratuumque
1140 1145 1329 1230 Augusti

197 1262 481 1344 imperatoris
518 1262 796 1346 exemplum¹l
829 1263 939 1340 effecit,
978 1267 1012 1330 nt
1042 1270 1095 1344 ,1⁶⁶
1127 1267 1235 1332 littera
1268 1275 1329 1350 ,u“

197 1382 267 1449 loco
289 1381 483 1448 scriberetur.
529 1381 588 1448 Sed
612 1401 649 1446 ne
672 1384 742 1466 post
763 1383 849 1448 illius
872 1383 995 1467 quidem
1020 1387 1155 1452 aetatem
1176 1388 1330 1454 scribendi
1398 1447 1400 1458 .

197 1503 278 1569 ratio
301 1503 446 1568 constans
467 1502 512 1581 fit,
546 1521 618 1567 nam
653 1503 772 1568 scribae
804 1505 951 1569 senatorii
973 1506 1069 1572 ctiam
1092 1505 1152 1572 duo
1176 1507 1239 1572 loro
1262 1525 1329 1573 sao·

199 1624 270 1690 cula
301 1617 371 1706 post
401 1625 581 1706 Augustum
614 1642 833 1706 nonuunquam
865 1633 925 1704 „u“
961 1625 1190 1709 scriptitabant,
1227 1629 1263 1692 nt
1295 1633 1329 1696 in

199 1746 325 1812 senatus
350 1745 488 1812 consulto
511 1743 669 1810 Italicensi
693 1746 790 1826 (iutra
806 1765 832 1810 a.
853 1744 1035 1829 rue-180)
1061 1755 1329 1824 ,marumorum“.

199 1866 260 1934 Sed
292 1884 362 1931 curn
395 1885 494 1949 neque
524 1866 573 1931 illi
604 1866 730 1950 quidem
763 1885 870 1931 -unnus
902 1867 1072 1933 scriberent
1103 1868 1164 1932 nisi
1195 1885 1328 1951 perraro,

197 1986 292 2070 idque
315 1984 444 2052 fortasse
467 1986 674 2072 neglegentia,
699 2005 797 2069 nequo
821 1986 851 2050 ll
868 2005 947 2051 saec.
972 1987 1094 2068 saepius
1117 2005 1210 2070 qnam
1234 1987 1330 2052 sornel

198 2107 298 2185 bisve,
334 2105 457 2190 longius
489 2105 617 2190 antiqua
650 2107 728 2172 ratio
756 2107 792 2171 in
816 2107 889 2172 stilo
911 2107 1072 2172 bominum
1094 2108 1285 2190 privatorum
1304 2105 1329 2190 ²)

198 2225 310 2305 haesit,
333 2244 405 2290 narn
428 2226 544 2292 saeculi
566 2225 597 2290 ll
628 2227 777 2293 babemus
810 2228 930 2310 copiam
963 2247 1022 2294 non
1054 2227 1198 2308 exiguam
1220 2226 1329 2292 buius·

198 2347 286 2414 modi
317 2345 535 2430 exemplorum,
568 2347 636 2413 turn
669 2349 816 2430 quattuor
838 2368 862 2412 a.
886 2347 934 2412 IlI
957 2348 1092 2412 ineuntis
1116 2346 1256 2429 exempla
1278 2365 1330 2411 er·

198 2467 279 2545 tant,
312 2466 386 2550 quin
419 2467 513 2532 etiam
545 2465 868 2532 intitulavimus
900 2468 971 2548 post
1002 2464 1139 2529 medium
1171 2464 1329 2529 saeculum

199 2585 399 2667 quartum
442 2585 539 2650 inciso
586 2590 769 2668 „optumao“
809 2585 959 2669 scriptum
997 2587 1053 2650 est.
1112 2583 1228 2650 Verum
1271 2582 1330 2648 hoc

199 2706 341 2789 exemplo
364 2706 449 2771 extra
470 2706 624 2773 rationem
646 2708 757 2804 posito,
792 2705 873 2788 quod
905 2706 954 2770 vel
978 2707 1055 2770 miro
1079 2723 1152 2771 casu
1175 2705 1225 2770 vel
1248 2704 1330 2768 anti-

200 2828 332 2912 quitatis
367 2826 571 2894 adfectatione
609 2827 748 2892 exortum
785 2827 918 2905 ridetur,
956 2826 1093 2912 legem
1131 2825 1330 2890 statuere

199 2947 514 3028 licettitulos,
547 2949 587 3012 in
620 2946 899 3029 quibusbaeo
922 2945 1330 3030 orthographicas-

200 3069 367 3134 iustior
398 3069 600 3134 adbibita
628 3070 712 3146 est,
744 3086 884 3134 omnes
916 3067 1014 3132 ante
1037 3086 1061 3132 s.
1084 3067 1132 3132 Ill
1154 3065 1330 3130 initium

201 3190 371 3274 positos
400 3209 502 3256 esso.
548 3189 696 3256 Omnium
720 3188 896 3256 diutissime
918 3188 1053 3254 ualuisse
1076 3187 1155 3251 hanc
1178 3187 1330 3250 rationem

202 3314 235 3378 in
273 3313 463 3396 superlativo
504 3313 756 3394 „optumus“
796 3329 851 3391 per
882 3327 914 3372 se
945 3309 1000 3390 pat
1019 3309 1040 3371 t.
1098 3305 1236 3387 Denique
1271 3305 1331 3369 hoc

204 3451 325 3516 qnoque
356 3432 518 3499 observavi
549 3450 704 3513 nunquam
739 3437 798 3522 „·u“
833 3428 992 3510 scripsisse
1023 3427 1177 3492 Romanos
1205 3425 1330 3490 Britan-

204 3552 289 3618 niam
312 3553 492 3632 incolentes,
531 3551 687 3616 rarissime
710 3551 764 3633 qui
787 3549 818 3612 in
842 3547 947 3612 Gallia
969 3545 1127 3628 Cisalpina
1150 3545 1333 3610 babitabant

205 3675 238 3739 et
268 3674 300 3738 in
331 3673 497 3758 provinciis
529 3671 694 3749 Africanis,
727 3671 803 3735 item
835 3688 903 3735 raro
935 3687 1064 3752 quorum
1096 3667 1182 3733 tituli
1212 3668 1243 3731 in
1266 3664 1332 3730 cm

204 3794 361 3859 volumine
384 3792 432 3856 lll
464 3792 696 3856 allommsono
728 3790 851 3854 collecti
882 3791 963 3866 sunt,
1003 3788 1183 3870 saepissime
1213 3785 1246 3864 ii,
1279 3784 1332 3866 qui

205 3916 323 3982 Rornae
347 3914 509 3999 degebant.

311 4126 338 4189 1)
365 4122 405 4176 Ol.
423 4122 604 4176 notissimum
623 4121 751 4175 Suetonii
770 4120 965 4174 testimonium
982 4118 1012 4170 in
1030 4115 1102 4180 Aug.
1122 4130 1145 4169 c.
1164 4113 1204 4167 87.

311 4212 337 4276 2)
364 4209 395 4264 Si
414 4211 477 4276 quis
496 4223 535 4262 ex
552 4223 598 4264 me
615 4209 741 4275 quaerat,
759 4210 856 4262 utrum
874 4205 981 4260 ordinis
1000 4201 1137 4256 senatorii
1156 4199 1334 4267 equestrisve

205 4297 338 4353 homines
356 4310 391 4351 an
410 4297 507 4364 plebes
524 4297 639 4350 indocta
657 4297 706 4349 aut
723 4296 853 4349 homines
872 4292 954 4346 liberi
982 4306 1018 4344 an
1036 4289 1130 4342 liberti
1148 4287 1262 4354 saepius
1282 4287 1330 4349 ,u“

204 4382 383 4450 scripserint,
403 4384 470 4450 quid
489 4383 677 4451 respondeam
695 4382 771 4436 baud
789 4381 858 4434 scio.
