3060 4788
750 403 789 473 15

205 603 244 668 ad
275 603 355 670 hanc
387 606 572 672 sententiam
604 607 766 674 deducitur
797 607 896 674 umba
920 608 1082 674 oltiumam
1115 619 1181 672 non¹
1205 627 1240 673 ex
1262 607 1330 672 ital.

206 722 373 789 *oltcmam
396 727 499 790 ortum
522 745 597 805 esse,
622 746 693 792 nam
717 729 761 792 sic
776 728 978 794 ratiocinatur
992 727 1013 792 l.
1028 728 1069 792 l.':
1096 727 1214 804 „dieses
1238 728 1331 812 (olte-

206 847 302 924 mam]
337 847 454 911 musste
486 847 564 912 nach
588 849 645 913 den
670 848 822 914 Gesetzon
845 848 898 914 der
920 847 1082 914 oslisohen
1104 848 1330 918 Vokalassimi·

205 965 302 1030 lation
326 985 364 1029 au
386 966 554 1032 *ollamam
578 968 729 1035 werden.“
775 969 913 1034 Ultimae
943 969 1042 1052 igilur
1072 967 1210 1053 syllabae
1240 987 1331 1034 voca-

205 1084 244 1149 lis
268 1087 316 1168 (a)
348 1085 379 1150 vi
403 1085 541 1151 futurum
565 1087 660 1152 luisse
683 1090 783 1171 putat,
814 1088 850 1153 ut
873 1088 1060 1168 „oltemam“
1084 1089 1117 1152 in
1140 1088 1331 1167 „oliamam“
1450 1137 1452 1146 ι

206 1203 381 1268 mutaretur
411 1205 484 1286 (non
507 1205 539 1270 in
563 1206 802 1290 „oltiumam“);
837 1209 870 1272 at
891 1224 962 1272 uero
986 1226 1059 1272 num
1081 1207 1114 1272 in
1136 1207 1175 1272 iis
1199 1207 1331 1284 casibus,

208 1341 336 1404 quorum
359 1324 535 1414 terminatio
560 1337 616 1402 „a“
641 1325 780 1393 litteram
802 1328 949 1402 continet,
985 1333 1042 1403 „e“
1064 1327 1097 1391 in
1119 1332 1179 1405 „a“
1213 1327 1334 1391 mutata

206 1448 298 1522 esset,
330 1445 363 1508 in
395 1444 522 1528 reliquis
553 1444 583 1510 in
616 1447 694 1511 alias
725 1447 847 1512 vocales
880 1447 925 1532 (in
959 1447 1008 1522 „iss
1042 1446 1091 1534 vol
1125 1447 1208 1529 „u“).
1253 1447 1332 1512 Item

207 1583 284 1645 quae
323 1564 360 1628 de
395 1564 590 1642 „hondomu“
623 1566 769 1632 disseruit
804 1568 853 1633 vir
884 1565 1092 1645 doctissimus,
1129 1585 1201 1630 oum
1237 1564 1332 1657 dicit:

209 1683 320 1760 „Auch
351 1685 451 1750 umbr.
483 1685 639 1750 hondomu
670 1686 752 1752 kann
785 1687 966 1752 schwcrlich
997 1706 1052 1754 aus
1085 1686 1261 1774 ‘honddmu
1291 1713 1333 1744 =

207 1803 396 1870 *hontemod
428 1805 540 1872 erklart
571 1806 692 1871 werden
725 1807 801 1890 (agl.
829 1805 858 1873 S.
883 1807 970 1888 250),
1010 1807 1142 1872 sondern
1175 1805 1254 1870 setzt
1284 1805 1333 1870 cin

207 1924 403 1990 uritalisches
426 1924 612 1990 *hontomod
634 1932 776 2006 vorauS‚“
801 1946 837 1992 ea
858 1926 953 1991 nullis
975 1925 1117 2010 probarit
1132 1924 1334 2010 argumentis.

207 2046 252 2110 At
272 2046 351 2110 mihi
382 2047 496 2125 contra,
531 2065 609 2129 quae
633 2067 725 2131 supra
749 2047 787 2113 de
808 2047 1067 2130 superlativorum
1092 2045 1195 2111 suffiri
1217 2045 1334 2128 origine

208 2164 377 2248 disputavi,
399 2167 636 2250 haudquaquam
659 2187 830 2252 repugnare
852 2168 999 2233 videntur
1021 2168 1059 2232 iis
1087 2185 1166 2250 quae
1189 2185 1205 2230 e
1227 2166 1335 2250 lingua

208 2285 359 2353 Oscorum
381 2287 628 2371 Umbrorumque
650 2288 736 2354 tituli
758 2287 958 2372 suppeditant
980 2287 1128 2370 exemplis
1146 2287 1182 2369 ¹).

405 2513 452 2580 Β.
498 2511 745 2601 Superlalivi
769 2512 809 2581 in
831 2512 960 2586 titulis
985 2511 1136 2580 latinis.
1178 2565 1180 2570 .

310 2667 432 2733 Titulos
470 2668 596 2733 aetatis.
617 2667 733 2734 liberae
769 2667 966 2750 reipublicae,
1008 2686 1083 2750 quos
1121 2685 1260 2733 seorsum
1296 2665 1335 2730 ab

210 2791 322 2858 aetatis
352 2789 569 2874 imperatoriae
600 2788 852 2870 inscriptionibus
889 2788 1030 2866 tractavi,
1068 2807 1128 2854 non
1166 2784 1334 2854 secundum

208 2911 384 2993 temporum
422 2909 564 2987 rationes,
612 2925 690 2991 quae
731 2909 912 2992 saepissime
950 2907 1071 2972 definiri
1107 2925 1167 2972 non
1205 2905 1334 3000 possint,

210 3028 358 3112 disposui,
387 3027 442 3093 sed
465 3006 634 3093 secundnm
657 3026 777 3092 suffixa.
800 3027 845 3092 ita
867 3045 949 3105 vero,
982 3029 1018 3091 nt
1040 3028 1145 3092 uotam
1168 3027 1251 3105 unni,
1274 3044 1335 3108 quo

209 3147 321 3214 titulus
343 3147 459 3213 incisus
483 3147 533 3227 sit,
557 3124 731 3228 ubicunque
754 3146 827 3211 sciri
848 3147 952 3228 potest
974 3146 1137 3214 adicerem.

696 3338 794 3410 CIL
817 3339 850 3406 Ι.

694 3460 857 3523 tissimus.
1140 3545 1142 3552 Α

209 3579 371 3668 parisuma
402 3575 467 3642 CIL
499 3579 514 3642 Ι
545 3578 600 3643 Nr.
623 3577 666 3641 30
692 3604 732 3633 =
764 3575 946 3642 Buecheleri
977 3576 1167 3660 anthologia
1198 3577 1335 3665 epigr.l
1431 3563 1439 3570 ’

311 3697 368 3761 Nr.
406 3695 425 3759 7
462 3697 606 3780 Elegium
647 3696 799 3777 Scipionis
836 3695 973 3774 Barbati,
1011 3696 1060 3760 vel
1098 3714 1122 3759 s.
1159 3715 1189 3760 u.
1228 3713 1254 3760 c.
1292 3695 1337 3760 VI

317 3891 341 3988 ll
370 3922 475 3989 stupeo
506 3937 569 3978 eum
595 3923 658 3990 lego
677 3935 750 3989 quae
771 3934 802 3987 p.
821 3920 872 3975 317
898 3921 1000 3975 Planta
1026 3921 1102 3982 dicit,
1129 3921 1161 3972 ut
1187 3917 1269 3972 simo
1297 3931 1336 3971 ex

212 4011 306 4072 -stsme
325 4011 438 4096 (summo)
451 4011 550 4066 natum
569 4023 633 4062 esse
650 4009 767 4074 probet:
795 4009 835 4072 „i‘
855 4021 894 4061 ex
913 4011 960 4070 „e“
980 4007 1009 4059 vi
1029 4007 1072 4068 „s“
1092 4005 1206 4058 litteme
1223 4017 1336 4069 praece-

212 4095 305 4150 dentis
331 4097 437 4150 factum
464 4110 535 4160 esse,
563 4097 637 4149 siout
655 4095 822 4161 posterioris
841 4095 940 4148 aetatis
959 4093 1061 4158 volgus
1081 4093 1126 4154 „s“
1146 4092 1273 4156 impurae
1293 4092 1334 4153 „l“

210 4182 391 4248 praemiserit
408 4182 607 4248 (iscelasticus
625 4177 787 4248 istatuam)l
817 4181 893 4235 ldem
904 4193 930 4245 p.
943 4177 994 4232 318
1012 4176 1169 4230 hariolatur
1189 4177 1335 4240 „nuvime“

213 4281 252 4322 ex
284 4271 435 4332 „nuveme“
466 4269 560 4322 ortum
587 4281 651 4322 esse
680 4280 731 4334 per
758 4265 896 4333 ἀναλογίαν
925 4261 1113 4318 numeralium
1144 4262 1336 4324 vicen-simne,

115 4387 119 4394 ·
210 4355 404 4409 tricensimus
421 4355 483 4408 sim.
