3026 4914
727 371 863 468 95st

645 491 851 502 —u———-

188 605 320 681 acrius,
352 605 484 680 ‚acriter‘
516 604 586 670 sim.
610 605 815 671 diiudicandis
843 607 1019 684 concedam,
1051 628 1112 676 non
1143 612 1310 678 concedam

186 722 223 788 ad
246 741 352 788 omnes
374 721 408 786 id
431 723 544 788 valere.
589 723 671 788 Nam
703 727 771 789 tum
802 728 902 790 cetera
930 728 1042 805 omnia,
1073 747 1151 810 quae
1181 730 1213 794 in
1244 749 1310 796 cro-

186 843 280 907 ticum
312 845 433 920 exeunt,
471 843 652 925 plerumque
682 844 714 908 in
746 844 806 909 lino
836 863 943 911 versus
974 847 1075 929 posita
1105 852 1308 928 occurrerent,

185 961 264 1044 quod
296 980 357 1026 nou
389 961 435 1026 ita
465 980 533 1026 esse
563 961 710 1044 exemplis
743 962 849 1028 allatis
881 963 1108 1031 demonstrabo.
1156 968 1308 1050 Apertum

184 1082 274 1164 atque
306 1081 506 1148 manifestum
539 1084 587 1146 est
619 1082 791 1161 „arbitror“
815 1083 865 1150 vel
890 1084 1042 1161 „arbitro“
1068 1087 1180 1153 melius
1202 1107 1309 1157 versus
1373 1079 1376 1087 ’

183 1200 235 1264 fini
268 1200 439 1278 convenire,
473 1219 565 1282 qnam
598 1219 624 1265 e.
648 1219 678 1284 g.
702 1202 803 1280 „siet“
831 1201 1030 1285 bisyllabum.
1074 1203 1119 1268 At
1149 1223 1219 1270 roro
1251 1206 1308 1272 hoc

183 1320 332 1386 babemus
355 1321 388 1384 in
411 1320 471 1386 fine
493 1339 600 1386 vorsus
622 1320 672 1386 rel
693 1321 725 1384 in
748 1321 879 1388 diaeresi
897 1323 1078 1404 saepissime
1099 1324 1173 1404 (non
1190 1323 1307 1402 dubito,

182 1441 255 1523 quin
290 1441 391 1506 multo
423 1441 495 1523 plns
519 1442 634 1506 centies
656 1441 853 1525 inveniatur),
885 1442 987 1508 medio
1018 1443 1051 1508 in
1082 1461 1170 1508 versu
1202 1445 1307 1509 novies

182 1560 230 1624 rel
263 1560 368 1641 potius
400 1563 507 1643 quater
532 1561 616 1646 (ride
639 1581 731 1645 supra
754 1582 783 1644 p.
807 1561 849 1624 84
872 1564 951 1648 sq.);
989 1565 1096 1630 contra
1126 1563 1307 1647 ‚arbitrotrl‘

182 1682 287 1748 tricies
309 1682 373 1747 fere
397 1683 428 1745 in
459 1682 530 1761 fine,
561 1683 593 1746 in
626 1683 695 1748 aliis
727 1683 829 1748 autem
862 1681 993 1764 pedibus
1027 1683 1137 1763 decies,
1167 1704 1226 1750 non
1259 1684 1306 1749 bis

181 1806 275 1882 terve,
307 1803 341 1866 id
372 1802 454 1884 quod
484 1804 731 1886 exspectaremus
762 1823 816 1886 pro
847 1803 970 1868 illorum
995 1805 1154 1870 vorborum
1177 1806 1312 1870 ratione..

182 1926 238 1990 Vel
271 1924 407 2006 deligam
439 1925 614 2006 exemplum
636 1924 864 2007 gravissimum,
897 1926 990 1990 verba
1022 1925 1089 1991 dico
1121 1927 1306 2008 quinque

180 2044 369 2128 syllabarum
393 2062 488 2127 eaque
509 2044 543 2108 in
565 2045 726 2126 epitritum
748 2045 876 2109 tertium
899 2046 1049 2123 exeuntia,
1081 2045 1168 2109 uelut
1190 2044 1306 2122 „conli-

180 2153 315 2244 den'tia“‚
360 2164 614 2244 „confidentior“‚
662 2165 923 2243 „confidentius“!
991 2165 1075 2228 Num
1114 2165 1171 2230 hae
1215 2183 1305 2230 uoces

178 2286 308 2368 possunt
323 2284 432 2350 ,medio
454 2290 486 2348 in
510 2303 600 2349 versu
624 2304 789 2363 occurrere,
822 2285 849 2350 si
869 2284 1015 2362 ,cottidie‘
1047 2283 1304 2366 quadrisylla-

179 2407 252 2471 bum
276 2405 382 2470 uovies
406 2404 488 2486 apud
510 2405 659 2469 Plautum
681 2405 702 2470 i.
726 2406 759 2484 l,
786 2405 833 2470 bis
857 2405 920 2489 (vel
942 2406 1044 2486 potius
1068 2402 1239 2485 nunquam)
1262 2421 1304 2466 m.

177 2527 196 2591 i.
221 2546 250 2592 v.
275 2527 383 2590 extat?
426 2525 543 2590 Verum
575 2527 731 2591 enimvero
766 2525 989 2603 „confidential
1024 2527 1082 2588 etc.
1113 2523 1133 2587 i.
1157 2523 1178 2586 f.
1203 2523 1254 2588 vel
1276 2543 1303 2588 a.

177 2645 206 2710 d.
231 2648 334 2711 decies
357 2646 451 2723 extat,
475 2649 583 2728 quater
604 2666 646 2709 m.
670 2646 689 2709 i.
713 2665 742 2710 v.
787 2645 888 2710 Nemo
919 2663 992 2728 ergo
1025 2643 1152 2725 negabit
1173 2643 1204 2706 in
1228 2647 1305 2719 ‚cot-

176 2767 264 2833 tidie‘
296 2769 388 2831 verbo
420 2765 597 2832 collocando
629 2766 706 2830 alias
737 2783 857 2848 quoquo
889 2783 997 2830 causas
1027 2764 1162 2830 valuisse
1184 2764 1306 2845 praeter

176 2886 443 2952 commoditatem.

281 3006 385 3088 Atque
417 3007 525 3072 notum
560 3007 690 3071 estnon
713 3007 814 3070 solum
837 3006 869 3068 in
892 3005 977 3087 poesi
998 3004 1133 3068 iambica
1155 3003 1304 3086 quasdam

176 3125 292 3190 formas
315 3125 523 3207 formulasque
547 3126 638 3190 certis
662 3126 786 3190 sedibus
810 3126 899 3207 poni;
922 3126 986 3188 iam
1010 3143 1102 3206 supra
1124 3145 1154 3207 p.
1178 3125 1219 3188 83
1243 3123 1304 3187 dixi

175 3243 332 3328 Langium
371 3245 547 3311 observasse
585 3245 844 3310 infinitivos
881 3247 922 3308 in
961 3245 1048 3308 -ier
1085 3244 1167 3325 apud
1198 3245 1304 3324 poetas

177 3366 429 3448 dactylicos
462 3383 584 3449 sornper
613 3366 675 3430 fero
706 3367 739 3430 in
770 3365 878 3446 quinto
909 3365 986 3447 pede
1009 3381 1185 3439 occurrere3
1221 3361 1305 3424 haud

177 3505 267 3553 secus
293 3487 443 3564 „luat“
475 3487 571 3552 semel
594 3486 675 3568 apud
697 3486 871 3568 Vergilium
893 3484 985 3566 idque
1008 3485 1039 3548 in
1063 3500 1189 3546 caesura
1212 3482 1305 3545 serni·

176 3609 320 3691 quinaria
352 3608 454 3672 entare
486 3578 622 3672 vidimus
654 3608 697 3688 (a.
729 3625 822 3687 supra
854 3625 882 3687 p.
915 3605 967 3682 88,
1001 3603 1071 3668 adn.
1097 3601 1138 3686 l).
1184 3601 1303 3668 Deinde

176 3729 293 3794 Asmus
312 3728 337 3813 ¹)
361 3729 537 3793 observavit
559 3729 590 3792 in
614 3726 769 3810 Propertii
791 3725 863 3790 libri
883 3725 896 3788 l
920 3723 1106 3790 carminibus
1130 3721 1304 3806 quindecim

177 3849 331 3931 prioribus
354 3849 392 3912 de
417 3847 478 3912 165
501 3846 746 3914 nominibus
780 3845 971 3927 propriis
1000 3844 1061 3908 132
1083 3844 1115 3907 in
1138 3843 1213 3907 locis
1235 3859 1303 3906 arer-

177 3987 230 4033 sus
259 3969 434 4052 insignibus
466 3969 569 4033 extare
600 3965 656 4052 (23
680 3967 712 4030 in
734 3983 841 4030 versus
863 3965 962 4042 initio,
994 3963 1036 4025 35
1058 3963 1090 4025 in
1112 3961 1181 4036 fine,
1207 3958 1248 4022 74
1270 3958 1303 4021 iu

234 4229 240 4234 Ι
281 4265 307 4329 1)
338 4263 396 4327 „De
414 4262 601 4329 appositionis
628 4261 702 4328 apud
719 4259 850 4314 Plautum
877 4257 905 4310 et
929 4255 1092 4310 Terentium
1119 4253 1307 4309 collocatione

176 4346 255 4402 Halia
272 4349 340 4404 Sex.
359 4350 453 4412 1891“‚
470 4363 496 4416 p.
515 4349 557 4404 27.
