3026 4914
712 401 756 466 92

631 493 837 502 ——--.

276 603 329 686 13)
353 625 389 670 er
410 605 556 673 adverbio
578 604 711 690 quodam
734 606 927 688 (saepissime
953 604 1044 683 „ubi“
1070 608 1102 672 et
1122 606 1299 686 „interea“)
1351 679 1355 687 ¹

171 726 204 790 et
225 728 367 809 genetivo
392 727 556 808 „loci‘}:
580 726 764 793 Plautus
790 726 891 792 l‘2·ies
913 727 934 791 i.
957 726 979 791 f.
1002 723 1051 790 rel
1073 743 1100 789 a.
1124 723 1165 803 d,
1188 725 1301 807 quater

171 847 242 912 aliis
264 847 342 914 locis
365 847 431 932 (sed
455 847 565 942 horum
587 849 711 931 quidem
736 848 782 913 bis
805 849 836 914 in
860 847 1010 927 clausula,
1033 849 1069 913 ut
1090 865 1152 911 una
1175 845 1298 928 syllaba

172 968 349 1050 sequatur);
372 967 604 1037 Terentius
627 967 710 1034 h-ies
734 970 765 1036 et
787 968 901 1046 semel;
925 968 1055 1051 denique
1079 968 1297 1034 Pacuvius

170 1087 191 1152 i.
215 1087 246 1152 f..
282 1086 360 1152 Cum
393 1087 492 1166 „looi“
525 1088 714 1174 bisyllabum
737 1089 789 1168 sit,
822 1089 945 1174 saepius
968 1090 1116 1156 nimirum
1138 1089 1240 1155 medio
1261 1090 1297 1154 iu

172 1226 263 1273 versu
285 1208 409 1290 legitur,
433 1228 526 1294 quam
548 1209 745 1292 trisyllabum
768 1210 961 1296 „gentium“.

274 1395 420 1480 Adiungo
442 1397 588 1463 adverbia
611 1397 781 1481 quasdam:

276 1533 329 1616 14)
361 1533 614 1612 „Cottidia“
639 1537 808 1600 secundum
831 1536 979 1602 Bassowii
1002 1536 1136 1602 indicem
1164 1537 1298 1603 Plau-

170 1653 308 1719 tinum
340 1655 424 1718 extat
448 1653 480 1718 in
510 1654 570 1719 fine
601 1656 725 1738 quidam
755 1676 862 1723 versus
893 1658 948 1721 As.
971 1655 1044 1738 864,
1077 1657 1150 1724 Aul.
1173 1678 1218 1740 pr.
1243 1658 1298 1738 23,

172 1771 254 1838 Men.
277 1774 330 1853 91,
353 1774 404 1838 Ps.
428 1775 502 1855 844,
536 1777 580 1840 St.
606 1776 676 1841 121.
703 1775 773 1858 165,
797 1777 870 1842 Tru.
892 1776 954 1853 67;
990 1777 1022 1842 in
1046 1777 1177 1844 diaeresi
1198 1777 1298 1843 tetra-

172 1894 265 1958 merri
286 1893 413 1958 ramore
435 1894 502 1962 on:
535 1893 610 1960 orsa.
634 1895 675 1959 ea
699 1899 730 1963 a
751 1897 808 1979 ap.
832 1896 875 1960 aa
897 1879 1038 1982 (cordon
1059 1868 1180 1984 ipson,
1208 1917 1298 1981 prae-

171 2017 257 2078 terea
287 2014 316 2076 in
350 2013 502 2084 Rudentis
533 2005 653 2098 prologi
684 2035 774 2082 versu
807 2015 847 2080 16
883 2017 936 2100 (cf.
968 2037 998 2099 p.
1022 2017 1063 2094 er
1096 2035 1168 2083 ann.
1198 2016 1232 2101 2)
1264 2019 1300 2084 et

172 2131 275 2198 madia
296 2134 327 2200 in
350 2134 457 2204 fabula
479 2136 516 2202 R.
540 2137 614 2216 295,
644 2137 698 2202 ubi
720 2136 778 2216 hoc
800 2136 928 2204 verbum
949 2139 981 2203 in
1003 2137 1117 2206 nostris
1140 2139 1298 2206 codicibus
1403 2110 1407 2117 Ι

172 2252 268 2331 deest,
307 2254 359 2337 qui
395 2255 492 2320 talem
530 2275 600 2320 eum
636 2276 760 2323 versum
796 2258 877 2324 inter
920 2259 1109 2342 septenarios
1146 2259 1298 2326 iambicos

173 2371 334 2440 exhibent:

322 2493 387 2568 „Ex
409 2495 484 2561 arbe
506 2495 545 2560 ad
567 2516 652 2562 mare
674 2497 734 2562 huc
756 2498 915 2580 prodimus
939 2498 1143 2580 pabulatum“

175 2633 368 2700 Camerarius
405 2635 436 2699 in
474 2635 743 2704 annotationibusz
783 2636 995 2718 „Principium
1032 2637 1124 2704 huius
1158 2649 1295 2716 versus“,

173 2754 285 2836 inquit,
320 2752 555 2831 „oblitteratum
587 2756 653 2820 erat
684 2755 715 2819 in
748 2755 861 2820 nostris
893 2755 989 2821 libris
1036 2756 1193 2842 Suspioari
1223 2758 1298 2824 licet

173 3067 297 3120 minima.
315 3093 349 3102 --
368 3065 443 3129 Quas
462 3066 598 3120 formulas
616 3064 758 3120 obsoletas
776 3065 865 3121 fuisse
883 3067 929 3122 vel
946 3067 1013 3121 inde
1024 3067 1203 3134 perspicitur,
1222 3067 1298 3133 quod

173 3167 241 3217 vox,
271 3156 401 3218 ,gens‘
429 3153 484 3206 alio
512 3166 580 3206 casu
607 3152 667 3205 fere
693 3167 750 3206 non
776 3153 928 3214 invenitur,
955 3166 1047 3220 neque
1072 3153 1146 3220 apud
1164 3152 1297 3206 Plautum

173 3254 265 3308 neque
284 3240 356 3307 apud
376 3237 556 3301 Terentium:
581 3253 646 3292 nam
663 3239 693 3292 in
711 3239 812 3294 Plauto
831 3239 1088 3294 tantantummodo
1108 3235 1298 3306 deprehendi:

173 3328 217 3381 bis
235 3329 265 3380 in
283 3327 419 3381 Rudentis
446 3325 560 3394 prelo
570 3339 614 3392 go
640 3333 698 3391 (vv.
718 3327 732 3381 1
752 3328 781 3380 et
799 3327 850 3393 10),
870 3327 945 3394 quod
962 3339 1069 3380 novum
1087 3325 1131 3380 est
1150 3337 1301 3392 argumen-

173 3416 235 3468 tum
261 3430 316 3481 quo
346 3414 534 3468 demonstrari
561 3415 655 3480 potest
676 3415 809 3481 prologos
828 3428 886 3467 non
904 3427 968 3468 essa
985 3415 1061 3467 totos
1080 3428 1098 3466 a
1115 3412 1216 3466 Plauto
1235 3425 1300 3479 pro·

173 3502 272 3564 factos,
301 3503 329 3554 et
347 3500 403 3554 l'ri.
422 3502 473 3555 286
500 3503 530 3554 in
549 3503 668 3564 cantico,
695 3501 742 3554 ubi
762 3500 878 3554 offendit
896 3514 1007 3567 quoque
1025 3499 1195 3553 vocabulum
1223 3512 1297 3552 mo·

173 3601 192 3639 n
204 3585 365 3652 osyllab
376 3601 394 3638 u
405 3600 432 3639 m
462 3593 564 3653 „gens”
592 3589 621 3640 in
647 3587 703 3639 fine
720 3599 837 3648 versus;
868 3587 895 3639 in
915 3585 1072 3639 Trinummi
1091 3585 1212 3639 senariis
1229 3585 1301 3637 iam=

174 3672 245 3724 hiois
276 3673 304 3725 et
334 3673 502 3738 septenariis
534 3673 685 3726 trochaicis
716 3673 804 3725 vicies
835 3671 985 3739 quinquies
1013 3672 1073 3725 fere
1100 3670 1299 3738 monosyllaba·

174 3771 275 3810 versus
307 3756 467 3809 claudentia
495 3757 608 3810 inveni:
645 3757 825 3811 duodevicies
855 3759 974 3811 verbum
1004 3757 1234 3819 substantivum·
1253 3755 1299 3809 his

174 3845 255 3898 verbi
273 3843 363 3906 ‚veile‘
383 3843 472 3895 forma
490 3844 560 3906 ‚vis‘,
579 3843 665 3898 semel
684 3845 766 3906 ,unde
785 3845 864 3907 dem‘,
883 3845 926 3898 bis
945 3846 999 3908 ,te‘‚
1019 3844 1106 3898 semei
1125 3848 1181 3906 ‚se‘,
1210 3842 1298 3896 semel

175 3933 269 3998 ‚gnate
294 3931 342 3984 mi*
370 3931 399 3982 et
425 3929 529 3996 ,paullo
555 3931 628 3995 post‘
657 3931 703 3992 (de
721 3931 775 3984 hac
793 3931 905 3998 quidem
924 3945 954 3984 re
972 3930 1029 3984 iam
1048 3929 1092 3984 W.
1112 3928 1216 3996 Meyer,
1245 3927 1298 3980 Ab·

175 4019 267 4072 handl.
287 4019 337 4071 der
354 4017 450 4084 bayer.
469 4015 558 4069 Akad.
577 4015 655 4068 XVll
673 4031 697 4083 p.
716 4017 750 4072 46
768 4019 849 4083 ειη).
893 4016 965 4083 Prop
981 4031 1046 4070 erea
1073 4016 1155 4068 valde
1184 4015 1218 4068 de
1243 4014 1300 4067 hoc

175 4119 261 4158 versu
288 4104 365 4166 (Tru.
384 4104 447 4168 286}
475 4104 581 4164 dubito,
608 4116 707 4156 verum
734 4104 840 4166 nescio,
867 4105 963 4156 utrum
987 4104 1078 4157 dicam
1097 4116 1197 4155 versus
1216 4101 1299 4154 aliter

176 4192 365 4257 disponendos
394 4206 456 4243 esse
485 4206 520 4243 an
547 4191 622 4243 hunc
647 4203 735 4244 unum
762 4204 876 4243 versum
905 4189 1006 4243 Plauto
1034 4188 1251 4242 abiudicandum
1270 4187 1299 4238 et

176 4277 291 4343 propter
320 4275 448 4337 ‚hiulcus‘
479 4276 658 4338 adiectivum,
689 4275 763 4340 quod
793 4275 917 4340 alioquin
949 4289 1006 4327 non
1037 4275 1103 4326 anto
1133 4271 1299 4324 Ciceronem

176 4362 267 4423 extat,
287 4362 315 4412 et
333 4363 448 4426 propter
465 4363 644 4424 sententiam,
663 4374 734 4426 quae
746 4361 840 4426 potius
853 4360 940 4412 aetati
953 4359 1142 4412 Sallustianae
1155 4357 1297 4409 convenit.
