3060 4788
727 371 765 436 ·11

644 463 840 472 ———·--—-.

180 576 337 673 quendam
361 577 443 642 inter
466 578 524 656 „u“
550 577 581 642 et
605 578 655 655 „i“
678 577 799 644 litteras
815 597 925 644 sonum
941 579 1019 646 abiit
1031 578 1067 662 ¹).
1111 580 1179 646 Hoc
1201 600 1308 674 verum

180 691 253 762 esse
273 694 474 761 fluctuatione
496 695 644 778 probatur
664 696 746 762 inter·
774 704 832 776 „u“
857 699 888 762 et
912 698 973 778 „i“,
1010 717 1103 780 quam
1133 701 1165 764 in
1196 700 1309 766 litteris
1414 693 1418 697 ’

183 817 290 882 latinis
314 816 443 881 codices
475 817 506 880 et
539 816 624 881 tituli
657 818 820 883 memoriae
843 817 1055 901 prodiderunt.
1099 807 1205 885 Meum
1230 827 1309 888 nunc

184 937 258 1021 pnto
282 937 319 1001 de
342 937 399 1002 hac
420 936 621 1003 fluctuatione
643 937 723 1004 inter
745 957 851 1005 -umns
874 940 906 1004 et
928 924 1024 1005 -imus
1048 940 1206 1007 disserere.
1222 925 1227 985 ἶ
1299 977 1300 980 =

288 1057 468 1140 Quicunque
501 1057 539 1124 de
565 1059 613 1123 his
636 1059 728 1124 rebus
751 1059 995 1144 orthographicis
1018 1060 1058 1126 ad
1083 1061 1139 1127 hoc
1161 1064 1308 1146 temporis

181 1180 353 1246 sententias
384 1181 589 1262 protulemnt,
623 1180 819 1246 consentiunt
851 1186 911 1259 „u“
944 1181 1082 1248 litteram
1113 1183 1246 1265 priorem
1278 1186 1310 1249 et

181 1301 384 1368 uetustiorem
408 1301 497 1368 huius
520 1301 622 1368 suffixi
644 1301 781 1368 vocalem
805 1302 924 1386 esse²),
947 1322 1025 1386 quae
1048 1291 1177 1378 eieunte
1192 1305 1309 1372 liberae

185 1419 371 1500 reipublicae
403 1421 504 1491 aetate
520 1420 568 1496 ,iu
598 1420 645 1498 „i‘
679 1403 800 1486 mutata
822 1421 871 1486 sit.
918 1420 1017 1501 Quam
1041 1423 1227 1501 sententiam
1249 1423 1308 1489 fal·

179 1555 251 1602 sam
288 1556 355 1603 esse
395 1538 566 1604 rationibus
598 1539 812 1624 etymologicis
842 1541 904 1606 iam
936 1541 1145 1624 probavimus·
1165 1545 1198 1620 qt
1227 1562 1308 1609 nunc

179 1657 266 1724 idem
290 1659 428 1724 omnium
451 1660 670 1743 exemplorum,
702 1680 781 1744 quae
804 1661 995 1746 collegimus,
1026 1663 1127 1728 indice
1150 1664 1232 1730 inira
1254 1664 1307 1728 de·

180 1780 434 1846 monstrabimus.

288 1899 596 1982 componendam

288 2021 319 2106 1]
344 2019 532 2103 superlativi
554 2021 677 2100 formas,
702 2041 780 2104 quae
802 2023 833 2087 in
858 2023 998 2088 frustulis
1014 2023 1140 2108 linguae
1156 2022 1320 2117 Oscorum·

179 2141 214 2204 et
235 2139 422 2206 Umbrorum
446 2139 559 2218 extant,

285 2257 320 2340 2)
343 2257 564 2342 Superlativos,
596 2278 673 2342 quos
704 2280 721 2325 e
752 2260 852 2326 titulis
875 2262 982 2327 latinis
1005 2262 1128 2346 collegi,
1149 2281 1266 2366 omncs
1289 2283 1305 2328 e

179 2378 339 2445 uolumine
361 2379 459 2462 primo
484 2379 645 2463 „Corporis
668 2381 903 2464 inscriptionum
926 2382 1126 2476 latinarum‘f,
1157 2401 1173 2447 e
1196 2383 1310 2446 ceteris·

181 2501 391 2566 voluminibus
415 2519 475 2580 eoa,
500 2502 604 2585 quiin
629 2521 736 2566 -umus
759 2503 878 2582 exeunt,

284 2619 320 2703 3)
344 2621 555 2704 Superlativos
587 2641 623 2686 ex
655 2622 744 2688 libris
767 2624 800 2688 et
820 2623 1001 2707 fragmentis
1024 2623 1208 2706 scriptorum
1232 2624 1305 2689 lati-

181 2758 292 2805 norum
315 2741 431 2806 saeculi
454 2760 482 2805 a.
506 2759 535 2805 ιι.
560 2759 586 2805 o.
609 2741 666 2806 V·i
681 2742 712 2807 et
727 2741 800 2807 VI-i
823 2742 884 2807 lere
908 2743 1055 2821 omnium,
1078 2743 1194 2818 saeculi
1217 2743 1305 2808 VII-i

184 2859 346 2924 etaetatis
368 2859 591 2942 imperatorum
614 2861 841 2927 nonnullorum.

184 3053 442 3063 m—

181 3203 184 3210 ·
285 3191 312 3246 ll
340 3191 512 3258 Brugmann,
531 3191 664 3244 Berichte
681 3191 754 3246 iiber
771 3192 816 3245 die
829 3191 1068 3258 Vorhandlungen
1087 3192 1137 3245 der
1154 3193 1210 3258 kgl.
1226 3191 1304 3244 stich-

176 3276 295 3330 sischeu
323 3275 476 3331 Gesellsch.
496 3277 520 3330 d.
540 3278 713 3332 Wisseusch.
741 3278 951 3332 Philet-histor.
971 3277 1009 3332 01.
1030 3278 1104 3340 1890,
1129 3290 1155 3344 p.
1173 3277 1241 3340 231;
1270 3277 1303 3331 cf.

181 3363 331 3430 praeterea
349 3377 420 3430 quae
436 3363 512 3417 idem
530 3364 576 3417 vir
603 3364 783 3418 doctissimus
810 3364 904 3430 Vergl.
924 3363 1018 3417 Grani.
1038 3363 1099 3417 191
1118 3377 1157 3430 sq.
1178 3363 1213 3416 de
1231 3364 1249 3414 a
1264 3363 1304 3416 in·

177 3449 382 3516 degermanica
410 3447 551 3515 exposuit,
582 3464 664 3518 quarn
683 3451 713 3504 in
730 3451 852 3504 mediam
869 3451 944 3504 inter
961 3465 981 3504 u
999 3450 1027 3503 et
1045 3451 1055 3504 i
1073 3449 1197 3506 litteram
1215 3450 1303 3504 muta·

181 3535 247 3588 runt
264 3535 365 3602 gentos
383 3532 506 3598 Italicae,
526 3549 589 3590 cum
607 3535 703 3591 littera
719 3536 829 3590 latialis
842 3537 969 3602 apertam
983 3535 1121 3604 syllabam
1134 3537 1302 3603 excipiebat.

284 3639 310 3704 2)
337 3637 376 3691 Of.
395 3638 575 3702 Ritschelius,
593 3639 798 3706 Prolcgomena
815 3639 851 3694 ad
868 3639 1070 3703 'irinummum
1089 3653 1114 3706 p.
1130 3638 1205 3693 XOV
1222 3638 1302 3707 (349).

179 3722 276 3789 Nuper
294 3723 457 3787 Parodi,
486 3726 533 3792 qui
551 3724 640 3779 edidit
660 3725 874 3789 „Osservauioni
892 3726 1006 3779 intorno
1028 3726 1054 3778 al
1067 3739 1158 3780 suono
1171 3725 1302 3779 mediano

180 3808 224 3861 fre
240 3823 259 3863 u
278 3811 307 3863 et
325 3810 349 3862 i“
379 3811 408 3864 in
428 3810 525 3879 „studi
543 3805 653 3865 Italiani
672 3811 699 3865 di
717 3811 842 3878 filologia
860 3811 980 3866 classica
998 3811 1009 3864 l
1030 3809 1147 3865 Firenao
1166 3811 1259 3875 1893“‚
1276 3824 1302 3877 p.

175 3893 326 3961 eod-434,
355 3897 500 3952 contendit
527 3911 569 3951 ou¹
592 3895 708 3961 „vocale
734 3898 882 3952 indistinta
910 3898 1024 3952 davanti
1043 3912 1061 3952 a
1078 3898 1190 3951 nasale“
1219 3898 1302 3962 (·’mo‚

178 3981 266 4046 et'mo,
294 3983 368 4049 apud
386 3983 599 4051 Bmgmannum
617 3997 711 4048 mmo,
731 3983 840 4051 -tmmol
868 3985 965 4038 natum
993 3997 1056 4038 esso
1083 3983 1190 4036 directa
1208 3983 1256 4035 via
1273 3983 1302 4036 in

177 4067 285 4134 linguis
303 4069 407 4123 italicis
425 4083 509 4132 -omo,
529 4071 617 4125 tomo
633 4053 712 4136 ‘quon
731 4051 812 4134 -efno,
831 4071 926 4132 temo,
954 4083 992 4122 ex
1015 4069 1116 4136 quibus
1133 4069 1198 4134 post
1216 4082 1303 4132 -omo‚

179 4153 288 4221 tomo).
325 4153 378 4220 Qui
408 4170 470 4210 curn
498 4170 523 4222 p.
548 4157 599 4212 403
626 4171 685 4224 sqq.
711 4157 777 4222 post
802 4156 1019 4210 Brambauhium
1046 4155 1172 4221 aliosque
1200 4155 1301 4208 iterum

178 4241 429 4306 grammaticorum
449 4243 483 4297 de
501 4243 556 4297 hoc
573 4244 664 4297 medio
684 4257 754 4297 sono
773 4242 937 4298 testimonia
955 4241 1153 4307 composuerit,
1172 4241 1302 4307 equidem

176 4325 296 4380 chartae
312 4329 433 4394 peperci.

1099 4429 1132 4484 lit·
