3026 4914
655 399 859 498 Q

52 599 54 606 '
193 597 228 683 2)
259 602 363 680 arim,
386 619 497 680 aram,
520 619 608 668 -arot
640 602 751 668 decies.

259 719 293 803 a)
324 721 439 785 arim:
478 723 532 787 As.
565 719 636 788 562.
667 721 739 786 570.
772 719 845 788 572.
877 720 949 787 720.
988 721 1059 800 765,
1114 720 1182 787 Mil.
1222 721 1337 803 1415,

322 838 416 904 Poan.
440 839 515 919 450,
559 839 604 906 St.
627 839 691 905 204
702 840 741 925 ¹).

258 955 290 1042 β)
321 957 434 1022 sarim:
465 956 527 1022 Tri.
552 956 625 1023 587.

259 1074 294 1160 γ)
325 1057 440 1142 arim:
470 1077 533 1142 un.
555 1076 628 1141 om.

194 1195 229 1278 3)
262 1196 407 1263 Seorsum
429 1198 502 1262 sunt
523 1198 555 1262 hi
577 1215 682 1264 versus
705 1198 879 1263 tractandi:

259 1350 360 1436 †frg.
398 1351 439 1417 57
477 1349 516 1419 G.
553 1351 669 1436 (Schol.
707 1351 817 1416 Veron.
854 1351 885 1415 in
925 1351 1017 1436 Varg.
1057 1353 1133 1432 Aen.
1172 1350 1203 1416 II
1238 1348 1329 1433 670,

1008 1491 1038 1554 p.
1061 1471 1112 1550 89,
1136 1469 1179 1535 28
1199 1469 1273 1557 K.):

282 1624 315 1690 Si
338 1643 387 1689 mc
409 1625 444 1688 tu
467 1622 557 1690 bodio
578 1624 862 1705 invitaveris,
886 1643 1054 1708 numquam
1077 1625 1249 1709 quicquam.

296 1779 457 1846 Winterus
480 1781 515 1847 ut
537 1782 746 1864 septenarium
776 1780 966 1847 trochaicum
996 1780 1140 1861 officeret,
1174 1783 1219 1848 sic
1249 1801 1330 1848 ver-

197 1919 266 1965 sum
288 1899 406 1965 edidit:

260 2035 295 2121 Si
317 2074 366 2120 me
388 2055 423 2120 tu
445 2054 536 2120 hodia
558 2035 769 2122 invitaris
791 2056 960 2140 numquam
982 2057 1146 2140 quicquam
1169 2091 1221 2127 ic
1237 2110 1252 2119 .

295 2208 448 2291 Equidem
471 2209 565 2274 aliam
588 2209 839 2278 distributionem
860 2211 1079 2293 praetulerim:

403 2401 454 2435 ic
471 2419 489 2426 -
506 2411 523 2434 t
542 2402 557 2436 2
575 2410 593 2433 o
608 2418 624 2426 -
647 2365 673 2430 si
696 2367 744 2431 rut
767 2365 801 2429 tu
824 2364 915 2432 hodic
937 2365 1118 2433 invitaveris

401 2484 581 2568 Numquam
602 2486 765 2568 quicquam
789 2523 805 2556 ι
825 2530 875 2553 a-
892 2531 910 2555 a
928 2523 944 2558 r
961 2533 979 2556 a
996 2539 1014 2548 -
1031 2531 1048 2555 a
1065 2523 1082 2557 r
1099 2533 1117 2557 υ
1133 2537 1182 2554 -.

297 2637 354 2703 cm
389 2638 599 2703 distributioni
641 2638 674 2703 id
710 2639 831 2704 obstare
870 2638 1030 2705 Winterus
1075 2639 1180 2707 censat
1214 2640 1325 2724 „quod

196 2757 394 2841 grammatici
407 2758 507 2825 solent
521 2779 627 2825 vorsus
650 2759 841 2826 continentes
865 2760 1035 2826 describere
1046 2760 1082 2843 ²),
1106 2760 1215 2826 deindo
1237 2761 1327 2844 quod

196 2896 365 2961 numquam
388 2877 427 2944 ab
450 2878 700 2944 antecedentibus
722 2879 824 2944 vorbis
846 2880 939 2945 nimis
957 2880 1184 2947 divelleretur,
1229 2881 1326 2948 Cote-

195 3017 264 3063 rum
287 2997 386 3080 possis
409 2997 535 3063 initium
556 2999 731 3064 tetrametri
752 2998 877 3064 iambici
900 3018 970 3066 cum
994 2999 1121 3066 Goetn'o
1145 2999 1277 3066 efficere.

259 3202 376 3282 †Mo.
401 3201 511 3268 1006
542 3222 595 3287 sq.
628 3205 673 3270 sic
695 3205 799 3289 legas:

281 3343 374 3410 Haud
397 3343 519 3426 pbstulo
542 3343 661 3426 edepol.
687 3349 722 3422 iss
747 3343 864 3410 Vtrum
886 3361 953 3408 cras
975 3333 1041 3409 nisi
1061 3344 1148 3427 prius

281 3461 543 3549 Voct[ue]rit
566 3464 719 3546 <quis>
742 3481 800 3541 mo,
835 3463 884 3528 vel
906 3463 989 3546 apud
1009 3466 1041 3529 te
1063 3465 1222 3530 contuoro.

298 3617 416 3696 Quibus
448 3619 549 3684 causis
580 3619 752 3684 commotus
783 3617 828 3682 ita
858 3617 940 3682 hunc
975 3634 1097 3684 versum
1135 3616 1321 3683 emendave-

197 3736 268 3816 rim‚
298 3737 330 3801 in
361 3755 489 3802 excursu
511 3736 542 3800 ΙΙ
564 3737 643 3802 infra
666 3755 826 3820 exponam,
859 3738 890 3802 in
915 3756 974 3819 quo
997 3737 1034 3804 de
1057 3737 1201 3820 prosodia
1230 3737 1317 3804 vorbi

180 3855 299 3934 ·„nisi“
324 3856 484 3922 disseram.

303 4171 329 4236 1)
356 4167 476 4238 Pararit]
494 4167 623 4224 Parorait
639 4167 672 4222 Α.

302 4257 328 4320 2)
355 4253 411 4309 Sed
438 4255 471 4308 cf.
499 4269 523 4310 e.
550 4269 576 4322 g.
604 4252 853 4322 grammaticorum
879 4252 1042 4307 testimonia
1067 4251 1104 4307 ad
1130 4250 1187 4306 'brt
1208 4249 1260 4306 bid
1277 4264 1323 4318 sq.

199 4341 250 4395 988
268 4355 308 4407 sq.
