3026 4914
694 363 754 430 171

131 565 267 644 habet,
285 566 326 632 ita
346 566 553 646 formaverint,
587 586 625 632 ne
657 585 728 634 cum
749 569 822 648 „ui“
855 567 1058 635 condicionali
1080 568 1281 636 confundere·

133 689 209 763 tur,
255 687 329 768 quod
359 686 550 752 Ritsohelius
582 687 761 753 coniciebat.
814 687 860 752 lix
892 689 988 768 „sei“‚
1022 706 1099 772 quae
1129 689 1282 772 particula

133 807 229 870 olim
266 812 333 884 „se“
367 807 478 885 luerat,
513 813 581 886 „s1“
615 809 717 874 orium
748 811 796 876 est
829 808 997 876 secuudum
1028 809 1281 877 consuetudinem

136 924 432 1009 orthographicum.
479 925 540 992 Sed
571 927 656 1010 prim
679 927 812 994 desilum
839 946 905 994 esse
928 930 1047 1008 „nissi‘
1073 930 1166 998 scribi
1187 950 1281 1015 quam

141 1045 247 1121 „sei“
266 1045 350 1110 tituli
372 1045 492 1126 docent,
525 1065 598 1112 nam
623 1065 661 1111 ue
686 1065 766 1112 anno
789 1048 913 1130 quidem
935 1047 1000 1114 709
1031 1050 1132 1116 scriba
1157 1052 1280 1117 sonato·

138 1167 217 1230 rins
243 1167 272 1231 in
294 1166 363 1250 lege
386 1184 465 1251 quae
488 1166 603 1234 dicitur
624 1167 710 1234 Julia
728 1167 911 1252 Municipali
936 1169 1002 1248 „si“
1021 1170 1153 1254 scripsit,
1177 1171 1278 1249 „uisi“

140 1287 179 1350 in
205 1289 268 1352 hac
287 1287 357 1369 ipsa
377 1287 450 1370 lege
471 1287 663 1371 plerumque,
696 1306 767 1354 cum
791 1289 909 1366 „nisei“
941 1290 1037 1356 semel
1067 1290 1281 1356 tantummodo

144 1405 284 1488 extet¹t
328 1405 374 1470 lh
408 1412 511 1485 „nisi“
544 1407 608 1488 (vel
635 1406 772 1484 „ueisei“
793 1407 844 1474 vel
868 1410 977 1492 nnasa)
1008 1409 1142 1491 primum
1179 1409 1281 1488 „uisi“

146 1526 262 1590 natum
283 1527 332 1591 est
354 1530 500 1592 mensura
523 1526 667 1606 iambici,
699 1529 767 1593 tum
799 1546 855 1595 vox
877 1527 1052 1612 pyrrhichio
1087 1532 1201 1608 „nisi‘S
1245 1527 1281 1592 In

148 1648 287 1712 mentem
311 1647 390 1712 mihi
412 1647 497 1712 veuit
515 1646 699 1713 Buecheleri
721 1647 758 1712 de
783 1647 974 1732 „siquidem‘
999 1649 1194 1732 anapaestico
1216 1647 1280 1716 dis·

151 1767 388 1848 putatiunculae
410 1767 622 1851 lepidissimus
646 1767 787 1852 (Archiv.
809 1767 858 1832 ΙΙΙ
878 1787 909 1851 p.
934 1769 996 1833 145
1021 1768 1092 1853 sp),
1123 1789 1184 1852 qua
1210 1790 1280 1854 per·

149 1889 260 1969 paucis
282 1887 384 1953 verbis
407 1889 439 1952 et
462 1885 607 1971 Spengeli
630 1888 662 1953 et
683 1886 717 1952 Ο.
740 1888 775 1951 F.
799 1887 837 1954 G.
860 1887 1002 1956 Muelleri
1028 1890 1210 1974 argumenta
1230 1909 1280 1956 re·

148 2009 277 2075 tutavit.
315 2008 359 2074 Ut
374 2007 527 2091 siquidem
544 2008 772 2086 tribrachicum
796 2008 841 2074 ita
858 2017 958 2087 „nisi‘
979 2009 1148 2076 iambicum
1163 2010 1280 2078 iactum

148 2132 209 2210 est,
244 2129 297 2194 sed
328 2129 414 2211 prius
445 2128 503 2193 hoc
528 2146 620 2212 quam
642 2128 733 2207 illud,
765 2146 836 2192 nam
868 2129 948 2194 inter
981 2130 1119 2196 sescenta
1141 2131 1280 2213 exempla

148 2251 253 2334 prima
286 2249 405 2331 syllaba
438 2249 532 2332 longa
562 2266 622 2314 non
655 2249 737 2314 extat
770 2248 830 2314 nisi
858 2267 990 2331 perraro.
1036 2247 1096 2313 Sed
1128 2266 1166 2312 ue
1200 2249 1279 2312 iam-

148 2370 224 2436 bica
247 2367 371 2450 quidem
393 2367 440 2432 vis
464 2367 517 2432 diu
551 2368 668 2452 uiguit:
706 2366 825 2433 duabus
857 2368 938 2433 enim
969 2366 1087 2434 voculis
1117 2367 1149 2432 in
1186 2386 1279 2432 unam

149 2489 398 2556 coalescentibus
430 2491 620 2571 acoenluqua
651 2489 683 2553 in
714 2489 847 2570 priorem
880 2487 1030 2571 syllabam
1062 2487 1190 2554 cadente
1216 2490 1279 2552 iam

150 2609 219 2674 iam
247 2609 296 2674 lex
326 2608 382 2674 illa
413 2608 630 2673 vocabulorum
653 2607 855 2673 iambicorum
886 2626 922 2672 eu
944 2603 1046 2671 iambo
1069 2605 1278 2690 pyrrhichium

149 2730 255 2794 effecit
290 2728 374 2794 haud
411 2746 497 2792 secus
531 2728 623 2810 atque
655 2747 690 2792 ex
724 2725 823 2806 “ihi“‚
861 2727 968 2806 „iubi“‚
1002 2726 1132 2806 ,‚mihi“,
1166 2726 1278 2807 „ttb1“,

33 2895 34 2898 κ
152 2850 260 2928 „sibi“
283 2849 400 2915 lactum
424 2867 490 2914 esso
513 2849 614 2927 „ibi“,
639 2849 735 2928 „anm
762 2849 833 2914 cett.
856 2867 945 2914 nemo
969 2849 1016 2914 est
1037 2851 1110 2931 quin
1134 2850 1221 2914 sciet.

256 2973 303 3034 Ac
326 2969 560 3051 antiquissimae
586 2967 710 3050 quidem
726 2987 887 3034 mensurae
911 2969 1171 3053 spondaioae
1194 2971 1281 3036 nulla

150 3093 184 3155 in
208 3090 321 3155 Plauto
343 3090 447 3155 inveni
469 3088 530 3154 nisi
551 3089 627 3154 haee
650 3089 805 3170 exempla:

256 3244 270 3307 Ι
303 3252 402 3307 nisi.

305 3398 336 3482 ι)
359 3349 421 3463 Ma.
447 3395 531 3460 rooe
552 3417 616 3481 aa:

323 3483 325 3496 l

270 3553 362 3618 Haud
386 3553 508 3636 pistule
532 3553 648 3637 edepol.
676 3559 711 3632 iss
737 3555 850 3620 verum
874 3574 941 3620 cras
963 3545 1053 3621 uisi
1074 3557 1159 3640 prius

272 3671 434 3736 Vociverit
456 3690 514 3750 ma,
537 3672 586 3738 vel
609 3673 690 3754 apud
712 3674 743 3737 te
765 3676 924 3739 conavere.

257 3821 333 3887 Cum
356 3824 387 3887 in
412 3824 571 3889 enuntiato
596 3825 800 3890 condicionali
824 3827 917 3909 „quis
951 3827 1000 3892 vel
1024 3829 1133 3910 ‚,quis“
1158 3825 1279 3890 deside-

32 3988 34 4030 ι
155 3961 265 4022 remus,
298 3943 472 4025 quaeritur:
511 3947 582 4026 post
615 3945 713 4022 „nisi“
750 3963 787 4009 an
819 3945 889 4028 post
923 3944 1076 4022 „vaccam
1109 3961 1279 4025 pronomen

257 4219 284 4283 1)
311 4219 342 4272 ln
360 4220 424 4286 lege
442 4220 563 4287 Agraria
581 4235 605 4274 a.
625 4221 675 4274 643
693 4234 750 4273 uno
769 4220 831 4274 loeo
852 4218 907 4282 „si“
927 4229 1033 4283 ponera
1051 4229 1137 4271 ausus
1162 4219 1206 4272 est
1233 4218 1278 4286 (cf.

157 4301 261 4356 ludices
283 4305 517 4371 orthographicas
538 4306 566 4358 in
585 4304 751 4359 Schneideri
769 4303 886 4358 Dialect.
905 4302 992 4356 Italic.
1011 4302 1131 4370 exempl.
1151 4303 1221 4373 sel).

1071 4404 1121 4483 ms
