3060 4788
749 383 793 449 80

206 591 282 676 bag
292 596 303 658 i
314 612 332 657 n
343 611 362 655 n
373 593 388 656 t
399 591 433 675 ¹),
454 591 624 657 contrahirt
639 592 753 656 Terens
763 591 927 676 jedesmal‚
944 611 1031 656 wenn
1047 591 1096 657 die
1112 592 1204 656 Form
1220 591 1333 656 mitten

204 714 247 778 im
270 712 366 779 Versa
390 712 482 791 steht,
506 713 537 777 in
562 731 672 790 arani,
696 731 806 789 -eram,
832 731 934 776 -oram
957 731 988 776 u.
1012 733 1036 776 s.
1059 732 1118 787 w.;
1150 710 1200 775 boi
1222 711 1331 789 denen,

205 833 254 899 die
273 850 330 897 von
346 831 509 897 Perfeotcn
532 830 587 896 auf
607 832 664 895 -ivi
685 830 824 914 gebildci
847 829 927 913 sind,
951 831 1046 896 etdsst
1069 849 1102 894 er
1125 828 1156 893 in
1179 827 1332 912 gleichcm

204 955 274 1021 Feli
297 954 373 1020 stete
397 954 452 1050 das
477 957 534 1031 „u“
559 971 614 1016 eus
637 952 701 1017 und
724 951 867 1016 verkdrzt
890 951 945 1016 das
969 952 1032 1030 „i“.
1078 950 1153 1015 Die
1184 948 1329 1014 vollen

204 1074 379 1140 Formen
410 1072 650 1157 gebrauoht
682 1092 723 1136 er
754 1091 829 1136 nur
859 1071 912 1135 im
942 1071 1285 1136 Versschlusse.“

308 1193 398 1259 Hanc
420 1193 522 1276 legem
545 1192 793 1277 lingeibrechtus
816 1191 960 1257 dilatavit
982 1192 1152 1276 statuitque
1180 1210 1248 1256 ecm
1271 1209 1330 1256 non

207 1314 305 1380 solum
333 1314 373 1380 ad
404 1315 517 1380 formas
549 1315 710 1396 pertinere,
744 1332 874 1395 quarum
906 1311 1050 1378 suffixum
1083 1331 1101 1377 a
1132 1312 1252 1395 syllaba
1282 1331 1332 1376 -cr

205 1435 402 1511 exordiretur,
427 1433 482 1500 scd
502 1434 541 1500 ad
564 1433 762 1513 omues²):
785 1433 1032 1498 Terentium
1057 1440 1114 1510 ‚‚v“
1139 1450 1216 1497 non
1240 1452 1330 1497 ser-

204 1573 325 1620 vasse
358 1554 444 1618 nisi
475 1555 516 1618 in
547 1572 699 1618 versus
727 1553 825 1618 tine.
871 1552 960 1632 Quod
981 1524 1063 1618 recto
1085 1552 1331 1635 Engelbrechtus

206 1674 399 1751 observavit3
423 1674 456 1738 at
477 1673 534 1738 ilia
556 1673 603 1738 lex
627 1692 685 1739 non
709 1673 800 1738 modo
823 1673 855 1737 in
877 1672 1002 1737 Terenti
1024 1671 1137 1738 fabulis
1159 1672 1255 1756 viget,
1277 1669 1332 1736 sed

203 1795 243 1858 in
278 1795 372 1861 tota
410 1795 527 1876 poesi
561 1794 748 1859 iambica
779 1793 849 1858 inde
881 1813 899 1859 a
930 1794 1084 1872 Terentio,
1116 1792 1195 1878 legia
1227 1794 1331 1859 autern

203 1913 335 1978 initia
365 1913 428 1977 iam
459 1913 490 1977 in
525 1911 674 1979 Plauti
705 1913 819 1978 fabulis
841 1914 1044 1993 invenientur,
1073 1915 1099 1980 ei
1122 1913 1246 1996 quidem
1270 1914 1331 1979 duo

204 2053 279 2117 quos
310 2033 407 2099 statui
438 2031 559 2098 ordines
592 2034 812 2098 discernemus.
858 2035 961 2100 Unum
986 2036 1161 2118 exemplum
1185 2037 1330 2102 afferam:

204 2154 317 2219 formas
341 2172 489 2232 caeram,
514 2154 647 2219 -averim
670 2155 702 2218 in
721 2153 829 2220 Plauti
853 2156 965 2220 tabuiis
990 2157 1243 2240 septuagies
1267 2155 1331 2222 fers

204 2276 366 2358 usurpatas
398 2275 501 2342 inveni
533 2276 564 2339 in
598 2294 702 2341 versus
730 2274 800 2352 fine,
833 2277 865 2341 in
889 2276 958 2341 aliis
982 2297 1089 2343 versus
1112 2277 1242 2360 podibus
1264 2278 1330 2343 bis

203 2395 252 2460 vel
276 2394 514 2478 potiusseme13
552 2395 634 2477 apud
657 2395 836 2460 Terentium
867 2414 1024 2477 nunquam
1048 2396 1150 2462 medio
1173 2397 1204 2460 in
1228 2415 1329 2461 versu,

203 2516 266 2581 Lex
295 2515 392 2599 igitur
422 2517 478 2580 illa
509 2516 590 2599 apud
624 2515 771 2581 Plautum
803 2516 865 2580 iam
892 2535 952 2581 uno
975 2517 1022 2581 vei
1048 2517 1167 2582 duobus
1189 2517 1330 2582 versibus

203 2636 337 2717 exeeptis
354 2635 514 2700 observata
530 2638 586 2700 est.
625 2637 739 2702 Contra
758 2637 924 2720 aristus),
947 2636 1123 2720 -avissetmt
1148 2637 1226 2715 sim,
1251 2656 1329 2719 quac

202 2755 318 2817 formae
341 2753 391 2818 vix
413 2758 543 2835 possunt
574 2754 604 2820 in
637 2755 697 2820 fine
728 2775 836 2822 versus
868 2757 1020 2836 collocari,
1053 2759 1199 2839 quoniam
1221 2775 1329 2829 versus

202 2873 233 2937 in
256 2873 435 2938 trochaeum
458 2873 602 2938 cadentes
626 2892 644 2939 a
667 2875 809 2940 Terentio
832 2895 911 2953 raro,
945 2878 1044 2943 rarius
1076 2897 1094 2942 a
1117 2879 1230 2944 Plauto
1253 2881 1329 2945 scoti

203 2993 283 3070 sunt,
316 2993 399 3075 apud
430 2993 579 3058 Plautum
611 2995 711 3060 medio
742 2996 774 3058 in
802 3013 892 3061 versu
915 2998 1113 3063 inveniuntur
1135 2998 1197 3064 fere
1219 2999 1327 3078 vicies,

202 3131 220 3177 a
251 3113 395 3178 Terentio
426 3133 498 3178 vero
530 3133 600 3180 cum
633 3133 722 3182 versu
758 3119 937 3183 exeunte
974 3120 1046 3201 poni
1079 3138 1137 3185 non
1171 3121 1328 3203 potuerint

201 3233 325 3316 propter
346 3233 432 3316 leges
455 3234 608 3314 metricas,
644 3236 779 3302 modio
810 3240 934 3322 propter·
964 3241 1051 3306 illam
1084 3242 1184 3325 legem
1209 3243 1325 3324 Eugei-

201 3353 422 3433 brechtianam,
453 3373 560 3438 reapse
592 3357 619 3421 si
650 3358 790 3440 exempla
813 3359 851 3424 ab
875 3359 1102 3442 Engelbrechto
1126 3379 1235 3444 meque
1258 3363 1326 3444 ipso

201 3473 372 3554 composita
408 3476 564 3557 inspicias,
602 3477 720 3542 nullam
760 3477 850 3542 huius
887 3478 1001 3544 ordinis
1039 3480 1168 3546 formem
1201 3483 1325 3564 plenam

202 3589 379 3677 (suicide),
400 3594 592 3679 -aviseesmit
616 3597 798 3680 usurpatam
821 3616 888 3664 csse
911 3598 1040 3666 videbis.

302 3711 345 3776 Ut
377 3731 530 3779 summam
561 3715 682 3795 faciam,
722 3716 823 3782 duas
855 3719 973 3803 leges
1011 3720 1042 3784 in
1073 3725 1159 3804 poesi
1191 3721 1325 3788 iambica

200 3830 378 3896 statuendas
401 3851 467 3897 osec
490 3852 615 3901 censeo:

304 3952 334 4034 i)
373 3951 521 4020 Omnes
559 3957 711 4037 poetae
755 3958 932 4026 iambici
977 3959 1073 4025 inde
1112 3981 1129 4028 a
1165 3961 1323 4028 Plauto

201 4143 457 4156 —————--.

301 4246 328 4308 1)
354 4246 386 4300 H.
406 4261 430 4302 e.
449 4249 478 4302 in
496 4247 595 4304 formis
614 4251 716 4318 prioris
735 4265 817 4318 quem
836 4253 924 4306 statui
943 4251 1058 4308 ordinis.

300 4331 328 4396 2>
355 4329 386 4384 Η.
406 4347 429 4386 e.
449 4335 485 4388 ad
502 4334 607 4390 formas
628 4336 758 4390 ordinum
776 4351 902 4393 meorum
922 4341 951 4393 et
969 4340 1071 4406 prioris
1090 4341 1118 4394 et
1137 4339 1263 4395 ulterius.
