3060 4788
648 1184 795 1303 Caput
821 1186 846 1278 l.

332 1430 409 1563 lle
456 1431 909 1604 superlativorum
952 1433 1158 1566 fornia.

286 1847 400 1958 Omnes
432 1910 510 1974 quae
541 1892 647 1957 extant
678 1891 938 1974 superlativorum
968 1893 1084 1976 figurae
1117 1892 1201 1958 hisce
1234 1896 1307 1957 sunt

180 2010 318 2076 similes:
352 2029 523 2092 „summus
554 2012 718 2096 plurimus,
752 2012 899 2095 optimus,
923 2013 1135 2089 suauissimus,
1159 2009 1306 2096 longissi-

179 2151 259 2210 mus,
283 2131 465 2211 facillimus,
487 2133 724 2215 pulcherrimus,
742 2134 920 2210 acerrimus,
936 2134 1100 2211 maximus,
1115 2133 1304 2213 proximus“‚

179 2251 263 2316 unde
299 2252 438 2336 sequitur
468 2254 614 2335 quattuor
644 2271 712 2318 esse
742 2253 975 2319 terminationes
1007 2253 1057 2318 vel
1088 2254 1199 2320 suillum
1229 2272 1306 2336 quae
1381 2301 1385 2311 r

179 2372 345 2438 dicuntur:
382 2392 458 2450 -mo,
482 2374 570 2452 ·imo‚
594 2375 698 2452 timo,
721 2377 825 2439 -simo
872 2373 988 2439 Suffixa
1019 2373 1101 2438 enim
1134 2393 1211 2457 quae
1234 2374 1307 2438 sunt

179 2494 275 2560 -rimo
306 2494 339 2558 et
369 2494 462 2560 -limo
492 2494 532 2561 ad
563 2494 708 2562 suffixum
737 2496 831 2560 -simo
867 2494 972 2560 reduci
1007 2495 1138 2577 possunt
1156 2494 1190 2578 ¹),
1227 2494 1305 2559 item

182 2616 385 2695 „maximus“‚
409 2615 618 2699 „proximus“‚
654 2615 741 2692 sime
779 2615 811 2679 in
835 2615 959 2680 -issimo
981 2615 1085 2680 eutem
1108 2612 1210 2678 suffixi
1231 2614 1303 2694 -ios‚

179 2754 240 2818 quo
269 2735 385 2820 medus
417 2735 644 2817 comparativus
675 2735 813 2820 tingitur,
848 2735 947 2800 torma
981 2735 1102 2800 brevior
1132 2735 1176 2800 -is
1207 2735 1304 2800 latere

176 2853 310 2933 uidetur,
344 2855 394 2920 cui
425 2855 521 2920 ·simo
543 2853 698 2920 adiectum
720 2855 768 2918 ost
784 2853 821 2938 ²).
865 2853 899 2920 si
921 2853 1125 2920 concedamus
1147 2853 1222 2920 viris
1242 2853 1305 2917 lin-

176 2993 310 3060 guarum
346 2975 459 3057 peritis
487 2975 582 3040 -simo
617 2994 653 3040 er
684 2975 777 3040 -timo
809 2974 972 3041 oriundum
1004 2993 1070 3040 esse
1089 2973 1126 3057 ⁸),
1160 2976 1224 3040 tres
1255 2975 1306 3040 vel

176 3098 342 3162 minimum
376 3095 435 3162 (luo
467 3095 575 3161 suffixa
606 3097 743 3161 restant:
782 3096 889 3181 ·(i)mo
912 3096 944 3160 et
966 3095 1069 3161 timo.
1114 3093 1199 3175 Quae
1221 3094 1302 3160 unde

177 3219 243 3286 sint
265 3219 331 3284 orta
353 3218 389 3282 ut
410 3217 585 3300 exploretur
606 3235 677 3282 cum
699 3218 822 3282 nostrae
854 3217 950 3282 aetati
981 3235 1106 3297 prorsus
1138 3234 1198 3281 non
1230 3234 1304 3280 oon-

175 3337 294 3422 tigerit,
317 3339 386 3404 tum
406 3339 471 3404 ueri
494 3337 655 3402 simillima
671 3337 862 3420 Brugmanni
878 3355 945 3401 esse
961 3336 1116 3402 sententia
1138 3336 1215 3400 mihi
1238 3335 1304 3400 visa

176 3461 243 3537 est;
282 3461 335 3542 qui
366 3459 414 3525 vir
444 3457 641 3526 doctissimus
672 3460 704 3523 in
734 3457 814 3522 libro
837 3457 1000 3523 notissimo
1037 3455 1227 3535 „Grundriss
1250 3457 1304 3521 der

174 3577 433 3661 uergleichendon
455 3577 670 3644 Grammatik“
705 3576 736 3640 II
767 3597 799 3660 p.
824 3573 886 3639 156
908 3595 953 3659 sq.
991 3575 1150 3640 contendit
1184 3576 1303 3641 duobus

175 3716 250 3764 usos
273 3717 339 3764 esse
362 3697 480 3764 suffixis
502 3697 641 3763 homines
665 3696 718 3779 qui
740 3695 886 3761 dicuntur
906 3694 1146 3778 Indogermenos
1170 3694 1209 3760 ao
1231 3713 1303 3778 gra-

282 4013 307 4071 1>
335 4009 374 4065 Ol.
393 4011 507 4066 hor-seo
526 4033 557 4058 =
577 4011 688 4073 horreo,
707 4011 797 4065 vel-se
812 4031 844 4056 =
864 4010 939 4064 velle
957 4009 1138 4076 (Brugmann,
1160 4005 1300 4060 Grundris

173 4099 229 4152 der
245 4099 482 4165 vergleiohenden
500 4098 678 4153 Grammatilr
697 4096 707 4148 l
726 4110 752 4162 p.
770 4096 823 4150 430
840 4097 900 4162 sp).

279 4185 309 4250 2)
336 4185 470 4242 Fortasse
497 4186 567 4239 illud
593 4185 628 4238 -is
656 4198 695 4238 ex
720 4183 774 4238 -ios
802 4185 895 4238 ortum
922 4183 952 4235 in
980 4180 1162 4239 „facillimus“
1182 4193 1302 4247 quoque,

173 4271 417 4340 „pulcherrimus“
438 4272 499 4326 sim.
517 4273 600 4326 inest.

280 4358 308 4424 3)
336 4355 512 4425 Quamquam
531 4372 566 4412 ue
583 4358 639 4412 hoc
656 4357 770 4424 quidem
787 4369 838 4421 pro
858 4355 936 4408 certo
954 4353 1121 4407 habendum.

1116 4458 1129 4507 l
