3060 4788
743 375 805 468 '³6

673 488 894 512 ;.ψ........-.-

227 627 302 687 ram,
337 627 396 672 non
430 607 614 691 Vergilium,
647 626 707 674 uon
743 608 909 674 Horatium
947 605 1135 672 umbraticos
1172 605 1358 690 putidosque

228 730 323 795 luisse
347 727 496 794 videmus.
544 726 666 807 Quanto
689 727 791 792 miuus
814 727 920 793 Plauti
943 726 1132 792 Catonesvel
1158 726 1243 791 licet
1264 727 1355 792 mult'

228 852 351 915 nostrae
374 848 485 914 aetatis
516 849 577 913 riri
600 849 795 931 grammatici
826 847 884 914 hoc
918 848 978 913 sibi
1000 848 1220 930 persuaserint,
1252 849 1356 912 tamon

228 987 316 1035 nemo
348 987 484 1053 unquam
506 969 617 1047 adhuc,
649 968 731 1052 quod
754 969 862 1047 sciam,
889 970 947 1034 lroc
969 968 1108 1050 exemplo
1132 968 1208 1032 satis
1231 965 1356 1032 subtili·

227 1092 274 1154 ter
304 1089 456 1172 probavit.
513 1087 602 1170 Quod
640 1089 1012 1172 superlativorum
1053 1088 1277 1166 suffixum,
1321 1089 1374 1152 ur

226 1209 305 1274 illud
336 1209 589 1290 demonstrarem,
621 1210 711 1294 elegi,
743 1209 777 1274 id
809 1210 1012 1274 emolumenti
1043 1209 1193 1291 praebant
1214 1207 1355 1291 superla-

217 1327 293 1410 -tivi,
329 1329 410 1412 quod
447 1329 533 1394 tituli
570 1330 797 1413 amplissimam
835 1348 940 1398 eorum
982 1329 1102 1412 copiam
1144 1329 1352 1413 suppeditant.

225 1425 369 1517 Ceterum
392 1453 466 1534 puto
489 1470 545 1516 nos
568 1451 691 1517 eosdem
714 1449 863 1516 utilitatis
886 1451 1004 1517 ductus
1028 1470 1098 1516 cnm
1121 1451 1256 1534 aliunde,
1286 1453 1355 1517 tum

225 1589 261 1636 or
292 1570 628 1655 gerundivorum
660 1569 778 1635 suffixis
811 1569 1036 1653 perlustrandis
1068 1570 1224 1652 percipere
1255 1589 1354 1653 posse.

227 1693 433 1756 -Alterum
457 1692 683 1758 dissertationis
715 1711 802 1757 meae
835 1693 936 1773 caput,
968 1691 1001 1755 in
1033 1709 1093 1773 quo
1116 1710 1134 1756 a
1156 1692 1290 1773 perlecto
1321 1690 1353 1756 in

224 1811 272 1876 -vi
294 1810 460 1890 derivatae,
483 1830 562 1893 quae
586 1812 617 1876 in
641 1811 727 1895 poesi
747 1811 879 1876 iambica
902 1810 1111 1889 inveniuntur,
1134 1810 1250 1875 formae
1272 1811 1354 1876 trac·

224 1933 337 2010 tantur,
371 1933 436 1996 iure
459 1951 477 1998 a
500 1951 548 1998 me
572 1931 723 2015 scriptum
745 1951 812 1997 csse
837 1951 942 1998 omnes
965 1931 1056 1996 facile
1078 1931 1268 2015 intellegant,
1302 1931 1355 2012 qui

225 2072 284 2118 non
305 2053 450 2138 ignorant
472 2054 504 2118 et
526 2054 635 2136 quanti
666 2053 704 2118 ad
732 2054 873 2137 linguam
895 2052 1027 2118 litinam
1049 2054 1184 2118 metrum
1206 2053 1354 2118 momenti

224 2174 265 2239 sit
298 2174 507 2257 quantamque
539 2176 602 2239 vim
638 2174 677 2240 ad
714 2174 802 2239 illam
837 2174 1013 2257 fingendam
1047 2172 1191 2239 habuerit
1226 2173 1353 2238 Ennius.

224 2298 386 2364 Praeterea
408 2297 466 2362 hoc
489 2298 520 2361 in
542 2297 643 2380 capite
667 2296 742 2360 artis
758 2295 883 2360 criticae
898 2295 1032 2361 studiosi
1049 2295 1206 2360 invenient
1220 2293 1353 2362 frustula
1485 2311 1490 2316 ·

223 2417 374 2500 quaedam
407 2436 477 2484 oum
499 2417 540 2483 ad
562 2417 638 2482 alios
662 2417 769 2498 poetas
790 2415 987 2498 pertinentia,
1021 2415 1090 2480 tum
1115 2414 1153 2478 ad
1176 2413 1284 2478 Plauti
1305 2411 1350 2478 f·
1391 2420 1393 2426 '

223 2539 323 2616 bulas,
348 2537 384 2603 de
408 2539 521 2621 quibus
545 2540 576 2602 in
600 2538 696 2604 altero
718 2539 882 2621 praecipue
910 2554 1038 2600 excursu
1064 2534 1230 2618 disputavi.
1252 2570 1296 2581 -
1318 2534 1353 2598 In

224 2658 314 2724 lertio
360 2659 462 2741 capite
509 2658 675 2739 aliquando
720 2656 849 2721 verbnm
893 2655 938 2720 ire
983 2654 1091 2721 eadem
1127 2656 1246 2720 ratione
1282 2673 1353 2737 per-

221 2779 418 2844 lustrabitur.

324 2899 487 2977 Vitiorum,
527 2916 604 2980 qnao
637 2897 709 2962 sunt
740 2896 772 2960 in
805 2896 1021 2962 dissertatione
1053 2915 1129 2974 moa,
1165 2913 1236 2979 pars
1257 2894 1353 2961 velim

222 3020 335 3086 habeat
371 3020 619 3084 excusationem!
678 3018 815 3083 Muneris
848 3017 931 3083 enim
965 3019 1026 3083 mei
1061 3017 1172 3083 officiis
1205 3018 1350 3101 plurimis

222 3141 506 3233 araur‘oooupatus.
551 3140 716 3204 Rationem
739 3139 901 3203 brevitatis
933 3140 1057 3204 secutus
1086 3138 1242 3202 nonnullis
1273 3136 1352 3202 locis

222 3263 324 3328 nescio
348 3281 386 3327 an
420 3261 513 3327 nimis
541 3261 675 3326 breviter
697 3260 865 3326 sententias
890 3257 1184 3342 comprehenderim.
1231 3256 1352 3337 Quare

221 3382 247 3446 si
271 3381 493 3447 detrimentum
516 3380 632 3465 ceperit
654 3381 869 3463 perspicuitas,
894 3380 1026 3445 doleam.

321 3568 473 3633 Omnibus
497 3568 860 3650 praeceptoribus
892 3570 923 3634 et
949 3568 1190 3650 Dorpatensibus
1214 3569 1245 3632 et
1267 3567 1351 3631 Bon·

219 3687 378 3771 rensibus,
402 3689 455 3771 qni
479 3688 592 3753 studiis
616 3689 693 3753 meis
717 3706 839 3753 summa
862 3687 1076 3754 benevolentia
1099 3685 1251 3765 faverunt,
1279 3704 1351 3768 gra-

219 3809 279 3873 tias
302 3826 360 3892 ago
384 3826 476 3890 quam
498 3808 658 3872 maximas.
704 3807 868 3871 Praeterea
882 3805 1039 3871 beneficiis
1055 3825 1104 3870 me
1123 3806 1353 3871 obstrinxerunt

220 3930 294 3996 etv.
317 3929 363 3994 ill.
378 3929 594 4011 Josephns
610 3928 766 3994 Lenius
790 3928 943 4010 professor
959 3926 1140 3992 Kieviensis
1157 3927 1188 3992 et
1211 3926 1348 4009 collegae

219 4049 400 4115 amicissimi
424 4047 622 4114 Bernhardus
645 4049 799 4132 Bursy,
831 4049 965 4116 Joannes
988 4047 1224 4126 Carlblom,
1263 4045 1348 4111 Edu-

130 4166 132 4175 ’
218 4170 310 4238 ardus
336 4172 498 4237 Heller.
