3024 4790
767 375 828 440 182

233 579 355 666 peterit,
387 597 459 644 nem
491 576 621 644 tituli
651 577 735 661 iique
757 577 900 656 maxime,
932 578 986 660 qui
1007 577 1243 661 magistratuum
1267 599 1361 646 sena·

232 699 322 768 tuere
344 699 431 764 iueeu
462 697 554 781 positi
583 698 665 777 eunt,
698 697 859 781 antiquam
882 697 1131 782 orthographiam
1152 698 1242 779 quasi
1263 702 1360 784 prisci

233 821 327 890 merie
359 821 463 887 notem
496 837 566 903 pree
602 838 634 885 ee
657 819 760 886 ierunt
782 838 880 903 neque
903 838 935 884 ee
958 818 997 884 ed
1019 819 1180 885 hominum
1202 820 1359 887 litterato-

233 959 302 1008 rum
335 957 425 1007 ueum
458 937 611 1006 scribendi
644 939 705 1004 nisi
735 957 847 1024 magne
878 939 1027 1022 temporis
1057 940 1158 1022 spatie
1180 939 1358 1007 intermisso

234 1059 388 1144 edplicere
412 1060 522 1140 scient,
547 1057 636 1142 qued,
662 1059 835 1143 quicunque
856 1059 905 1124 vel
927 1077 1054 1144 graecae
1076 1061 1121 1125 rei
1143 1060 1357 1144 epigraphicee

233 1179 282 1247 vel
305 1179 421 1246 letinae
444 1197 568 1264 eperum
591 1180 716 1259 navent,
741 1179 818 1244 bene
842 1183 1000 1246 noverunt.
1045 1179 1187 1246 Ceterum
1210 1181 1356 1248 nonnulla

234 1298 374 1367 ecdicum
408 1299 540 1386 vestigia
570 1300 687 1379 notavi,
718 1299 856 1364 ettamen
887 1319 957 1366 eum
989 1319 1141 1383 perpauca
1168 1299 1230 1366 sint
1252 1304 1353 1366 utrum

234 1419 368 1506 aliquem
394 1420 457 1488 vim
480 1419 518 1488 iis
542 1420 678 1487 tribuum
702 1439 796 1486 necne
818 1420 952 1486 incertus
974 1439 1060 1487 eum:

334 1575 402 1673 Mil.¹
425 1573 506 1640 295:
539 1575 605 1640 nesi
627 1575 687 1640 B¹.

334 1693 402 1760 Mil.
426 1693 506 1761 300:
540 1695 606 1761 nesi
630 1695 689 1760 13¹.

335 1817 429 1884 Poen.
453 1815 535 1883 8³9:
570 1817 636 1882 nesi
658 1814 798 1882 Bouuz.

335 1935 380 2002 St.
405 1934 486 2001 296:
519 1953 557 2000 ne
580 1936 606 2000 ei
629 1935 664 2000 B.
704 1952 706 1956 ’

335 2053 408 2122 Tru.
432 2053 514 2119 782:
547 2053 640 2120 neeiei
663 2051 724 2133 Bc,
749 2053 814 2118 nesi
837 2053 863 2116 si
886 2051 924 2116 D.

336 2209 500 2278 Praeterea
530 2209 659 2277 sortasse
697 2209 746 2288 „te
777 2209 865 2275 neei“
896 2209 926 2272 in
960 2209 1054 2287 „tune
1077 2209 1124 2272 si“
1155 2207 1242 2286 latet,
1274 2205 1348 2290 qued

235 2331 328 2398 Nouii
352 2330 477 2398 libriin
501 2331 615 2398 Pecuv.
640 2349 667 2398 v.
692 2328 754 2394 148
777 2328 828 2396 R.²
851 2329 995 2395 exhibent
1017 2331 1060 2413 (r.
1082 2329 1243 2395 Ribbeekii
1264 2329 1348 2412 Trug.

235 2448 344 2536 fragm.
368 2469 398 2534 p.
424 2447 524 2534 XLII)
554 2453 575 2534 J.

341 2755 368 2822 1)
396 2757 435 2812 (i.
455 2772 527 2825 qrree
545 2772 631 2827 eupre
648 2773 674 2826 p.
695 2759 746 2813 180
764 2759 793 2812 in
812 2758 931 2813 casinae
949 2772 976 2813 v.
993 2759 1045 2812 699
1063 2759 1220 2826 suspicatus
1237 2771 1306 2810 sum.
