3060 4788
762 373 888 471 81ι

219 598 353 662 usque
391 578 439 643 ad
476 578 715 642 Phaedrum
753 579 943 660 scripserunt
977 580 1008 642 et
1030 596 1179 656 -averam,
1202 579 1345 654 -arerim,

220 701 368 765 -averunt
402 705 565 778 (-oreram,
597 717 746 776 everam,
780 697 912 763 -iveram
935 701 1008 778 etc.)
1040 700 1072 764 et
1097 717 1209 775 aram,
1242 697 1346 773 arim,

219 819 329 883 -aruut
353 819 482 900 (oram,
505 835 616 896 -eram,
640 818 857 897 ·ie1·ametc.)‚
891 816 944 880 sed
975 817 1046 882 illas
1078 817 1140 881 lere
1173 835 1294 898 semper
1315 818 1346 880 iu

220 940 284 1004 fine
304 957 411 1004 versus
441 939 616 1022 posuerunt.
662 938 822 1004 Seneca
854 957 891 1002 ue
922 939 954 1002 in
986 938 1047 1002 fine
1080 938 1203 1020 quidem
1234 937 1347 1002 formas

221 1060 330 1142 plenas
353 1059 523 1141 usurpavit.

325 1179 358 1263 2)
396 1177 544 1244 Omnes
576 1179 724 1272 poetae
758 1177 936 1242 iambici
966 1177 1065 1242 inde
1097 1197 1115 1242 a
1144 1177 1348 1242 Terentio

219 1318 341 1381 semper
364 1299 426 1362 lere
449 1298 557 1363 formis
581 1297 746 1364 contractis
770 1298 901 1380 ·asti[s)‚
926 1297 1071 1380 ·asse[m]
1094 1298 1142 1361 usi
1165 1301 1246 1362 sunt.

326 1419 403 1484 Cum
427 1421 464 1484 de
487 1419 575 1483 fine
599 1437 742 1483 versuum
767 1419 884 1500 loquor,
910 1418 1153 1500 breviloquentia
1173 1419 1251 1498 utor,
1275 1439 1347 1484 narn

219 1541 314 1618 idem,
348 1539 427 1622 quod
461 1538 501 1602 ad
527 1557 672 1603 versuum
695 1537 788 1602 finem
812 1539 955 1621 pertinet,
989 1539 1020 1602 in
1043 1557 1112 1603 eum
1137 1556 1255 1620 quoque
1278 1557 1348 1602 rer·

221 1679 312 1726 suurn
336 1661 445 1742 pedem
469 1659 562 1737 cadit,
586 1661 639 1742 qui
662 1661 746 1740 prius
770 1660 1019 1725 tetrametrorum
1042 1660 1146 1723 κῶλον
1166 1659 1252 1738 fiuit;
1276 1679 1348 1726 narn

221 1801 293 1846 oum
325 1783 392 1845 octo
424 1780 517 1863 pedes
548 1780 598 1844 vel
621 1779 735 1863 integri
757 1779 807 1844 vel
839 1780 1010 1844 catalectici
1042 1781 1146 1862 paullo
1178 1781 1348 1864 longiorem

221 1921 347 1968 versum
378 1901 521 1979 efficiant,
561 1919 653 1983 quam
686 1901 739 1983 qui
771 1919 831 1966 uuo
863 1902 946 1966 vocis
979 1903 1089 1985 spiritu
1122 1904 1347 1985 pronuntietur,

220 2023 328 2088 nolum
360 2024 408 2088 est
438 2023 543 2105 poetas
576 2021 708 2087 diaercsi
742 2041 819 2105 quac
843 2022 957 2086 dicitur
979 2023 1010 2086 in
1036 2025 1114 2087 duas
1136 2025 1239 2104 partes
1263 2023 1347 2086 octo-

220 2144 323 2209 narios
345 2144 377 2206 et
400 2143 587 2225 septenarios
611 2143 754 2208 divisisse
777 2147 809 2207 et
830 2142 924 2206 medii
940 2161 1045 2207 uersus
1062 2143 1232 2207 clausulam
1249 2143 1346 2208 isdem

220 2265 284 2329 fere
307 2265 428 2347 legibus
453 2263 668 2329 constrinxisse
692 2281 727 2328 ao
750 2262 845 2327 totius
868 2281 975 2328 versus
994 2263 1107 2340 finom;
1130 2265 1203 2345 quin
1227 2264 1346 2328 hiatum

220 2387 252 2450 in
285 2384 452 2468 septenarii
483 2384 608 2448 iambici
641 2383 771 2448 diaeresi
802 2384 979 2466 legitimum
1009 2383 1105 2448 fuisso
1138 2385 1219 2448 iuter
1242 2403 1346 2448 ornnes

219 2504 352 2583 constat,
382 2504 457 2568 item
490 2502 572 2568 haud
596 2504 695 2586 pauci,
730 2503 841 2584 quibus
864 2504 930 2583 ipse
953 2521 1002 2566 me
1025 2502 1168 2585 adiungo,
1202 2522 1260 2567 uon
1285 2505 1346 2568 eri-

220 2627 350 2690 stimant
380 2625 483 2690 hiatus
514 2625 545 2688 iu
571 2625 701 2688 diaeresi
725 2621 951 2688 trochaicorum
974 2623 1127 2688 tollendos
1151 2641 1227 2701 esse,
1263 2627 1346 2688 cete-

219 2765 288 2810 rum
320 2745 421 2809 adhuc
453 2745 509 2809 sub
540 2745 640 2810 iudice
672 2744 711 2808 lis
743 2743 799 2808 est.
844 2743 933 2806 Nihil
956 2744 1052 2827 igitur
1073 2743 1220 2806 interesse
1244 2743 1345 2807 statuo

219 2867 300 2930 inter
322 2883 465 2929 versuum
489 2864 581 2928 finam
604 2865 636 2928 ot
658 2864 831 2942 diaeresim,
867 2864 947 2946 quod
970 2863 1215 2948 liugelbreohtus
1239 2864 1344 2947 negle-

220 3003 291 3066 gere
322 3002 383 3049 non
415 2983 529 3049 debuit.
577 2984 629 3048 Sin
662 2984 729 3065 quis
762 2985 892 3048 miratus
924 2985 1103 3066 interroget,
1139 3003 1288 3066 quaenam
1313 2987 1345 3050 in

218 3122 324 3168 versus
356 3102 416 3168 fine
447 3103 493 3168 vis
525 3103 692 3185 singularis
715 3103 816 3181 suerit,
850 3105 885 3167 ut
908 3122 944 3168 eo
966 3104 1033 3169 loco
1056 3105 1170 3169 formas
1193 3105 1345 3187 pleniores

219 3226 288 3306 poni
312 3225 443 3302 licuerit,
476 3225 546 3290 aliis
570 3243 629 3288 non
653 3224 784 3304 licuerit,
818 3225 866 3289 illi
889 3225 1008 3290 duabus
1032 3227 1089 3290 hoc
1112 3226 1255 3289 effectum
1278 3245 1345 3290 esse

222 3345 322 3410 causis
345 3344 601 3426 respondendum.

319 3465 402 3530 Nam
425 3466 560 3546 primum
584 3465 708 3547 quidem
731 3485 785 3546 per
808 3483 840 3530 se
863 3467 949 3547 patet
971 3465 1050 3530 talos
1074 3465 1186 3530 formas
1219 3467 1344 3549 (prioris

219 3586 286 3650 dico
309 3585 426 3651 ordinis
450 3587 581 3670 formas)
605 3587 781 3668 aptissimas
805 3606 881 3664 essa
917 3605 994 3669 quae
1017 3589 1150 3652 senarios
1174 3589 1223 3652 vel
1247 3589 1343 3654 tetra·

218 3705 333 3772 metros
356 3707 527 3771 trochaicos
558 3707 607 3771 rol
629 3707 831 3772 iambicorum
854 3709 1095 3790 septenariorum
1120 3712 1239 3792 partem
1262 3712 1345 3791 prio-

217 3845 283 3891 rem
307 3827 470 3892 claudant:
513 3827 743 3907 ‚‚amtverant“,
768 3811 994 3908 „audiverint“‚
1021 3831 1224 3912 ᾗηόνὸιηιηὴῑῆ
1254 3849 1345 3912 prae-

217 3948 301 4011 terea
322 3929 579 4012 considerandum
603 3949 650 4013 cst
672 3949 764 4013 huius
787 3950 906 4030 generis
931 3949 1043 4015 formas
1076 3969 1166 4030 saepe
1189 3950 1344 4032 longiores

217 4085 296 4146 esse,
319 4085 411 4148 quam
435 4067 470 4130 ut
492 4068 553 4133 alio
576 4069 689 4133 senarii
712 4069 779 4134 loco
801 4071 975 4150 ponantur;
997 4071 1046 4134 iac
1068 4071 1099 4133 te
1122 4070 1201 4133 velle
1225 4069 1344 4150 „impe-

216 4196 376 4253 raveram‘
402 4189 522 4253 senario
544 4189 673 4266 inferre3
714 4210 803 4272 quem
828 4191 854 4256 si
877 4209 1003 4255 caesura
1026 4189 1241 4268 usitatissima,
1266 4208 1343 4272 quae

215 4307 267 4372 est
287 4308 537 4394 πενθημιμερής,
566 4327 672 4374 ornare
695 4311 741 4375 vis
