3060 4788
751 357 791 424 51

670 449 876 459 ——-—--

317 633 353 714 3)
386 631 571 713 Supactstivi
595 632 624 695 in
649 630 778 697 Catonia
802 633 881 696 tibrc
905 629 945 694 de
969 632 1034 713 apri
1058 632 1177 696 cutinus
1195 629 1230 715 ¹).

315 836 353 900 In
375 833 501 902 Catonis
525 835 612 902 cedd.
636 853 757 920 semper
780 835 830 914 „i“
855 835 1004 918 scripturn
1026 835 1130 901 inveni
1147 833 1172 919 ²)
1200 835 1336 918 exceptis

208 957 262 1024 his
284 956 383 1024 tribus
405 954 499 1022 locis:
531 985 537 992 ·

319 1147 350 1230 l)
383 1145 746 1227 c.41‚10ptumePA.
1090 1234 1095 1244 1

317 1264 349 1349 2)
382 1284 407 1330 c.
434 1263 526 1345 148‚1
550 1265 596 1350 (in
619 1266 735 1347 triduo]
758 1284 907 1349 proxumo
930 1266 984 1369 Bc,
1007 1245 1154 1350 proxume
1178 1268 1207 1332 b.

316 1383 350 1470 3)
383 1404 409 1452 c.
432 1384 474 1449 93
496 1405 672 1454 maxumam
695 1386 749 1465 Pc,
773 1387 992 1453 marimumanr
1017 1389 1044 1453 Α
1068 1406 1144 1453 corr.
1337 1345 1361 1388 θ

318 1643 403 1708 Haec
426 1643 508 1722 sunt,
531 1661 609 1725 quaa
625 1643 728 1708 Porcii
750 1662 847 1728 genus
869 1644 1022 1710 scribendi
1037 1645 1190 1710 testantur
1208 1643 1340 1728 vestigia

211 1763 330 1846 pusilla
346 1762 381 1847 ³),
416 1781 451 1828 er
474 1764 586 1847 quibus
608 1763 644 1829 ut
666 1782 755 1830 nemo
778 1764 926 1830 indicium
950 1765 1045 1830 faciet
1067 1764 1215 1830 Catonem
1238 1765 1340 1830 octavi

213 1883 331 1950 saeculi
353 1901 436 1949 mors
462 1884 514 1962 „i“
536 1883 642 1950 littera
663 1884 726 1952 fere
749 1885 817 1951 sola
838 1904 929 1950 usum
952 1903 1029 1963 esse,
1056 1885 1101 1976 ita
1123 1886 1148 1952 si
1172 1885 1240 1968 quis
1263 1885 1340 1950 nihil

213 2003 316 2070 tribus
338 2004 402 2069 illis
424 2003 531 2070 formis
550 2003 749 2070 tribuendum
773 2005 919 2084 censebit,
944 2006 1022 2070 mihi
1044 2004 1168 2088 quidem
1192 2025 1252 2071 nun
1268 2024 1340 2088 pro·

214 2125 313 2204 babit,
336 2125 481 2208 qnoniam
504 2142 574 2190 cum
597 2124 724 2205 tabella,
746 2143 840 2209 quam
863 2126 900 2190 de
923 2125 1028 2192 Plauti
1051 2145 1110 2192 usu
1131 2126 1162 2190 in
1186 2145 1217 2208 p.
1234 2125 1275 2190 43
1294 2146 1339 2210 sq.

215 2246 383 2329 composui,
421 2245 511 2329 plane
543 2249 726 2326 congruunt.
781 2246 875 2312 Cuius
910 2249 1018 2329 poetae
1048 2266 1237 2330 quamquam
1270 2249 1341 2331 post

215 2367 347 2432 mortam
372 2365 447 2433 Cato
471 2341 633 2450 praecepta
656 2367 693 2432 de
716 2367 927 2448 agricultura
958 2368 1089 2450 scripsit,
1123 2369 1227 2434 tamen
1259 2367 1340 2433 anti-

216 2487 355 2570 quiorem
377 2487 513 2554 indolem
541 2506 614 2571 prae
636 2506 668 2553 se
690 2488 772 2553 hunc
793 2488 903 2554 tulisse
926 2507 962 2552 ex
985 2488 1232 2573 frequentissimo
1255 2487 1341 2552 verbi

216 2608 317 2689 „siet“
352 2626 411 2674 usu
427 2609 451 2693 ⁴)
484 2608 611 2687 conicio,
648 2627 740 2692 quarn
773 2610 903 2673 formam
936 2606 1127 2674 Sarsinatem
1161 2607 1246 2672 nullo
1277 2607 1341 2673 fere

216 2747 323 2794 versus
360 2729 428 2795 loco
464 2730 605 2812 posuisse
642 2731 749 2796 notum
788 2731 835 2796 est
878 2727 938 2795 nisi
982 2729 1013 2794 in
1052 2729 1255 2795 iambiccrum
1291 2729 1339 2794 vel

216 2850 445 2918 trochaiccrnm
467 2851 527 2920 fine
551 2851 673 2918 cretico.

221 3077 481 3090 -q—--u—-n-

323 3229 350 3294 1)
377 3227 535 3282 Secundum
555 3227 708 3281 editionem
727 3227 855 3280 criticam
879 3224 910 3279 H.
929 3225 1001 3290 Keil,
1028 3225 1138 3292 Lipsiae
1158 3226 1241 3289 18823
1269 3225 1291 3277 P
1311 3253 1342 3263 ·-

218 3315 357 3369 lectiones
385 3311 490 3368 codicis
517 3312 651 3368 Marciani
678 3313 712 3366 ab
730 3312 840 3379 Angeia
858 3311 999 3366 Politiano
1027 3312 1056 3365 in
1074 3312 1200 3379 principe
1219 3311 1344 3365 editione

219 3401 381 3463 adnotatae,
409 3399 435 3452 A
454 3429 483 3438 -
505 3400 565 3454 cod.
586 3399 675 3454 Paris.
704 3399 771 3454 6842
790 3399 821 3461 Α,
851 3413 916 3452 c-
935 3399 996 3452 cod.
1016 3396 1164 3461 caesenas,
1197 3397 1262 3450 b—
1282 3396 1343 3451 coel.

219 3486 351 3541 Laurent.
369 3486 411 3548 51,
429 3487 453 3540 2.

205 3596 212 3602 ’
323 3592 351 3657 2)
378 3589 451 3643 41-et
467 3590 600 3651 issimus,
630 3589 700 3643 t-ies
718 3589 859 3651 -errimus,
890 3587 948 3641 1·el
965 3587 1089 3651 illimus,
1127 3587 1196 3642 ties
1222 3587 1344 3650 infimus,

221 3676 306 3732 wios
333 3675 486 3738 maximus,
522 3676 608 3730 lisias
638 3675 779 3738 minimus,
817 3674 902 3728 litias
932 3673 1064 3741 optimus,
1100 3673 1169 3728 9·ies
1198 3673 1344 3741 plurimus

223 3762 275 3816 l-el
292 3762 451 3830 proximus.

323 3865 353 3932 3)
380 3863 462 3930 Quod
480 3865 509 3918 in
528 3864 587 3918 cod.
607 3864 630 3916 Α
649 3863 864 3931 scriptumest:
886 3862 1030 3916 diutisims
1049 3876 1071 3915 c.
1090 3861 1162 3925 35,1,
1181 3861 1345 3916 similimum

225 3965 246 4006 c.
272 3951 345 4016 46,1,
374 3951 580 4020 pulcherimum
610 3951 638 4004 et
666 3949 820 4004 acerimum
847 3963 869 4002 c.
899 3949 986 4012 1042,
1018 3962 1088 4003 casu
1115 3946 1209 4014 potius
1238 3946 1345 3999 factum

225 4049 287 4092 esse
304 4040 382 4105 puto.

325 4141 351 4207 4)
379 4139 583 4195 Coniunctivns
610 4138 690 4192 verbi
717 4137 890 4192 substantivi
913 4138 942 4191 in
960 4136 1075 4191 Catonis
1094 4135 1172 4190 codd.
1192 4134 1251 4189 tere
1270 4135 1345 4189 octo·

221 4227 285 4295 pies
315 4228 359 4282 est
387 4226 543 4294 bisyllabns
579 4225 669 4290 (siem,
700 4224 765 4288 sies,
796 4224 859 4288 siat,
889 4222 981 4290 sient),
1018 4221 1111 4276 minus
1142 4234 1227 4288 quam
1256 4221 1346 4276 vicies

221 4313 444 4382 monosyllabas.
