3060 4788
595 568 1023 656 :wolffo-2:02,

230 727 316 794 nullo
348 727 414 792 looo
447 729 567 808 praeter
597 724 691 790 finem
721 725 778 790 hoo
806 725 931 790 verbum
959 725 1219 806 „imperaveram“
1241 743 1355 806 ponere

229 850 344 933 poteris
358 871 365 913 :

472 1017 475 1024 -
521 1013 539 1036 a
556 997 573 1034 ι
592 1012 610 1036 a
627 1021 645 1029 -
659 1013 677 1037 a
692 965 721 1053 ll
738 998 756 1034 L
775 1011 792 1036 a
814 965 1048 1048 imperaveram,

229 1126 291 1191 nisi
313 1123 457 1190 ultimam
480 1124 633 1209 syllabam
659 1131 747 1198 „am“
774 1123 900 1188 elisione
923 1122 1041 1187 delebis

229 1246 284 1308 ant
305 1244 369 1309 sio:
392 1288 410 1311 a
427 1273 445 1310 L
463 1289 480 1312 o
497 1296 515 1304 -
533 1289 550 1312 a
570 1242 599 1329 sl
620 1223 847 1324 imperaveram
870 1241 1021 1318 omnibus,

230 1365 283 1430 aut
298 1364 499 1449 praecedente
516 1362 727 1447 monosyllabo
744 1363 800 1426 sie:
818 1406 835 1429 a
851 1341 1076 1442 imperaveram
1088 1358 1117 1444 ll
1128 1358 1193 1424 arte
1206 1411 1222 1418 -
1237 1387 1255 1423 ε
1269 1387 1287 1424 a
1301 1385 1349 1426 aa

331 1537 390 1604 Sed
413 1538 530 1603 formae
551 1538 587 1602 nt
610 1537 848 1616 „imperaveras
873 1536 930 1612 -at,
954 1535 1046 1600 -ant“
1070 1533 1170 1600 solum
1190 1534 1221 1598 in
1237 1534 1353 1598 senarii

227 1657 287 1723 fine
320 1657 464 1724 oollooari
496 1658 634 1739 possunt,
666 1657 742 1722 item
774 1656 836 1720 fere
868 1656 899 1720 in
931 1655 1118 1721 tetrametris
1148 1655 1179 1720 in
1202 1655 1350 1721 oretioum

226 1779 420 1843 exeuntibus.

331 1895 442 1961 Altera
465 1897 568 1961 autem
592 1913 685 1960 eausa
708 1896 756 1960 est
777 1898 833 1974 vis,
865 1913 942 1978 quae
973 1895 1005 1958 in
1037 1914 1180 1961 versuum
1211 1894 1272 1960 fine
1303 1896 1352 1960 in·

226 2016 349 2092 haeret;
374 2015 436 2079 vim
459 2014 527 2082 dico
551 2014 691 2080 servandi
713 2015 828 2078 formas
849 2015 976 2094 veteres,
1000 2015 1164 2094 obsoletas,
1185 2016 1351 2082 inusitatas

227 2136 328 2220 (velut
353 2136 541 2216 „amariora
574 2138 605 2200 et
635 2134 758 2200 tutandi
789 2134 936 2200 formulas
968 2135 1117 2218 quasdam
1150 2136 1250 2215 (velut
1278 2135 1351 2212 „ubi

226 2256 367 2339 gentium
390 2256 486 2338 eim).
533 2253 627 2320 Cuius
649 2255 848 2338 proprietatis
875 2254 1024 2321 nonnulla
1056 2257 1196 2340 exempla
1226 2275 1350 2340 oompo-

226 2397 297 2443 nere
328 2378 415 2457 libet,
448 2377 563 2462 partim
594 2377 658 2442 iam
690 2376 728 2442 ab
760 2378 830 2442 aliis
862 2378 991 2443 collecta
1018 2379 1068 2444 vel
1090 2380 1171 2443 oerte
1194 2380 1350 2456 annotatas

225 2498 338 2581 partim
363 2519 381 2565 a
404 2518 453 2564 me
475 2518 555 2564 nuno
578 2498 710 2580 primum
733 2498 890 2582 indagata.
937 2500 1039 2580 Atque
1063 2499 1200 2564 omnium
1223 2499 1349 2580 quidem

225 2622 360 2703 primum
392 2621 617 2704 coniugationis
650 2620 802 2703 proferam
835 2621 948 2684 formae
968 2605 1141 2684 obsoletas.
1187 2619 1231 2683 ln
1263 2619 1351 2683 line

225 2737 1353 2822 ferevorsnnmoretiooautantediaerosimsepte·

228 2861 443 2926 nationum
467 2861 746 2926 iambioorum
769 2861 1054 2926 inveniuntur
1076 2861 1234 2926 formae
1257 2862 1351 2928 hae:

332 2981 365 3054 1)
397 2979 625 3046 Infinitivi
651 2979 819 3063 passivi
851 2981 889 3044 in
913 2981 1019 3060 -ier‚
1052 2980 1089 3047 de
1113 2981 1224 3063 quibus
1247 2980 1351 3046 Ludo-

225 3100 328 3167 vioum
359 3102 463 3186 Lange
482 3102 506 3187 ¹)
539 3102 691 3167 uberrime
722 3101 824 3186 egisse
855 3102 963 3166 notum
995 3108 1051 3166 est.
1098 3102 1183 3167 Idem
1208 3102 1254 3166 nir
1277 3103 1351 3168 doe-

225 3222 364 3289 tissimns
387 3223 490 3289 omnia
513 3223 652 3305 exempla
674 3222 766 3288 huius
789 3222 890 3288 suffixi
914 3242 950 3288 en
972 3222 1084 3287 litteris
1100 3223 1206 3288 latinis
1221 3223 1351 3306 collegit

224 3343 296 3408 inde
319 3363 337 3410 a
359 3343 434 3410 belli
456 3341 641 3408 Hannibalis
673 3344 863 3427 temporibus
895 3362 991 3426 usque
1026 3344 1065 3408 ad
1088 3342 1235 3408 Serenum
1260 3341 1351 3406 Sam-

225 3465 381 3530 monioum
413 3465 444 3529 et
475 3463 649 3529 Ausonium
683 3463 949 3546 Burdigaloneem.
1005 3462 1145 3546 Apparet
1180 3464 1242 3527 iam
1282 3462 1349 3527 Liri

226 3584 395 3649 Andronici
417 3585 517 3650 aetate
541 3585 598 3651 heo
621 3584 765 3650 suffixum
788 3583 962 3649 obsoletum
984 3582 1079 3648 inisse
1097 3585 1137 3659 et,
1161 3601 1351 3666 quamquam

225 3704 257 3768 in
294 3703 464 3784 titulis,
509 3705 563 3788 qui
599 3704 638 3770 ari
676 3705 862 3770 vetustatem
900 3705 1082 3768 servandam
1118 3704 1351 3786 propensissimi

224 3826 322 3903 erent,
354 3826 425 3908 post
447 3844 474 3890 a.
497 3824 597 3909 eolla
620 3843 679 3890 non
703 3825 873 3902 ooourrant,
913 3843 931 3890 a
953 3823 1053 3906 poetis
1077 3823 1238 3906 dactylicis
1260 3823 1350 3889 adhi-

227 3983 486 3994 -ann———a—

329 4070 356 4136 1)
382 4067 602 4124 Denksohriiten
626 4069 676 4123 der
694 4068 811 4124 Wiener
836 4067 993 4122 Akademie
1020 4065 1047 4120 X
1074 4066 1173 4132 (1860),
1201 4081 1226 4134 p.
1246 4067 1350 4134 1-58;

226 4158 351 4211 aeterum
376 4169 469 4222 neque
496 4155 536 4208 illi
564 4155 692 4222 contigit,
721 4157 753 4209 ut
779 4156 864 4210 huius
882 4153 980 4208 suffixi
1000 4153 1072 4215 „ler“
1094 4153 1233 4220 originem
1250 4153 1351 4222 proba-

224 4241 320 4295 biliter
343 4241 517 4306 explanaret,
546 4255 637 4308 neque
656 4241 690 4302 ei,
718 4241 766 4307 qui
783 4240 939 4294 novissime
957 4239 991 4292 de
1009 4252 1043 4292 eo
1063 4239 1128 4304 egit,
1156 4235 1349 4307 Mlodoriskio,

224 4324 331 4379 Arehiv
349 4325 366 4376 i.
385 4324 433 4378 lat.
452 4325 600 4390 Lexioogr.
621 4325 669 4378 Vll
688 4324 784 4390 (1890),
803 4337 829 4391 p.
849 4324 906 4378 132.
