3026 4914
736 387 795 452 181

306 596 409 662 Heant
431 594 517 659 1055
548 592 637 674 Quod
667 611 725 687 ego
756 594 838 658 hunc
860 610 991 675 aequom
1013 591 1132 658 censeo.
1166 599 1201 671 ssss
1235 592 1331 658 Pater

869 709 977 797 omniri
998 729 1134 796 ficium:
1156 710 1286 814 impera.

306 887 419 952 Heaut.
444 885 528 952 1059
559 885 702 969 Drimquo
724 885 864 970 ignores:
899 885 952 951 tbi
974 885 1125 970 cognoris,
1149 863 1265 952 sicilici.
1292 890 1327 964 ssss

1028 1004 1166 1084 suum,
1189 1007 1286 1088 pater.

306 1161 432 1227 Phorm.
460 1158 520 1226 162
552 1139 942 1246 unicuicumque}
964 1162 1077 1242 amant,
1101 1164 1238 1246 aegrest:
1269 1141 1330 1228 tibi

926 1298 1001 1381 qne
1023 1299 1170 1382 superest,
1194 1297 1288 1366 dolet.

307 1468 398 1534 Tales
430 1487 537 1534 versus
559 1487 626 1534 esse
647 1468 805 1553 legitimos
828 1469 989 1551 luchrius,
1025 1467 1181 1554 (Studem.
1205 1469 1294 1536 stuc.
1316 1469 1330 1534 1

207 1610 237 1672 p.
264 1589 302 1652 13
324 1590 355 1654 et
379 1588 434 1671 17)
456 1588 688 1655 demonstravit.

310 1742 344 1808 In
374 1743 673 1808 scaenicorum
704 1743 963 1828 fragmentis
990 1743 1050 1808 duo
1072 1745 1170 1811 triave
1192 1744 1331 1827 exempla

212 1879 330 1926 invem:

310 1999 342 2080 l)
366 1999 478 2066 Caecil.
505 2000 566 2064 144
589 1999 639 2066 R.²
664 2000 727 2084 (ap.
751 1999 831 2066 (tell.
856 1999 981 2084 1123):

310 2133 463 2223 <st>si
492 2154 622 2232 taceam,
656 2153 762 2219 tamen
793 2153 951 2230 indicium,
990 2153 1067 2237 quae
1104 2155 1192 2220 nisi
1228 2153 1332 2219 dotem

1178 2273 1287 2339 omnia.

308 2393 494 2460 Ribbeekius
510 2393 632 2477 praeter
649 2396 719 2470 „et“
737 2394 895 2476 supplevit
909 2399 1036 2474 „meae“
1048 2394 1117 2478 post
1127 2389 1330 2472 '„indieium“.

308 2601 343 2686 2)
375 2602 449 2666 Ace.
475 2600 537 2664 138
560 2618 604 2683 sq.
629 2599 679 2666 R.²
706 2602 766 2684 (ep.
790 2601 871 2666 Non.
894 2599 967 2679 357,
991 2598 1065 2684 22):

310 2739 408 2819 attat,
433 2737 592 2804 nisime
615 2738 699 2806 fallit
720 2740 752 2804 in
776 2738 863 2804 obitis
885 2756 988 2805 sonus.

310 2875 361 2940 Sic
382 2877 607 2956 Buechelerus;
632 2878 720 2944 codd.
743 2877 837 2944 Nonii
859 2878 1001 2958 „obitum
1024 2879 1174 2944 scnitns“.

308 3083 342 3166 3)
374 3085 464 3169 Trag.
487 3084 547 3150 ine.
571 3085 629 3150 inc.
653 3083 696 3148 90
717 3083 779 3163 R.²,
805 3084 869 3169 (ap.
892 3081 997 3162 Quint.
1020 3083 1065 3149 VI
1088 3083 1118 3166 3,
1140 3083 1216 3168 96):

309 3227 491 3321 Nisique
513 3237 619 3304 Ulixes
641 3219 806 3306 intervasit
828 3239 964 3306 Lartius.

312 3389 362 3455 sn
392 3390 465 3455 non
496 3391 614 3474 opums,
646 3390 706 3456 nsi
729 3392 810 3474 quor
833 3391 914 3471 „nni
937 3391 985 3455 sr‘
1009 3410 1046 3457 ex
1067 3351 1186 3470 nmen,
1220 3388 1330 3453 sams.

208 3507 396 3576 Ribbeckius
420 3511 570 3594 sumpsit*

309 3719 356 3784 lun
387 3720 482 3786 habes
515 3720 661 3802 antiquae
692 3719 824 3803 vestigia
854 3717 1022 3800 prosodiae,
1059 3736 1151 3801 qnam
1183 3718 1241 3785 etsi
1272 3736 1332 3782 non

213 3838 407 3903 omnibus
439 3839 470 3903 in
502 3839 640 3905 versibus
672 3857 765 3920 supro
796 3838 900 3903 allatis
931 3837 1028 3902 latere
1059 3836 1133 3902 viris
1163 3836 1261 3900 doctis
1284 3853 1334 3899 me

209 3949 406 4039 persuasisse
430 3978 528 4042 spero,
561 3961 665 4025 tamen
696 3978 746 4024 me
777 3977 979 4041 nusquam
1010 3959 1076 4022 iure
1099 3974 1167 4020 eam
1190 3954 1332 4020 elicuisse

210 4089 308 4145 nemo
322 4080 498 4146 contendet.
544 4077 633 4160 Quod
655 4078 971 4163 orthographia
998 4078 1134 4142 obsoleta
1157 4095 1195 4140 ne
1218 4077 1249 4140 in
1273 4093 1333 4140 uno

210 4197 335 4280 quidem
359 4217 395 4264 ex
418 4199 465 4264 his
487 4198 564 4265 locis
588 4200 753 4281 comparet,
787 4217 860 4263 sene
893 4195 1057 4262 dolendum
1080 4197 1135 4275 est,
1160 4196 1193 4259 at
1215 4194 1242 4258 si
1264 4193 1333 4275 quis

210 4324 238 4382 a·
259 4337 330 4385 mea
361 4319 514 4386 sententia
545 4319 745 4398 abhorruerit,
784 4319 965 4404 argumento
999 4317 1078 4383 illud
1109 4335 1175 4382 esse
1206 4315 1333 4382 minime
