3026 4914
714 399 772 464 107

640 487 844 499 ..ᾗ-

249 625 335 672 55555
359 555 441 688 tsine
463 606 560 688 iotu):
585 607 665 672 Eun.
687 607 761 672 940.

250 730 411 809 cognosse:
434 726 514 790 Ilun.
536 725 610 791 961.

207 872 210 878 ·
248 848 390 928 cognosse
414 844 503 927 (el.):
527 843 602 910 Hee.
627 843 701 910 811.

589 1067 621 1149 5)
660 1066 889 1134 Phaedrus.

247 1219 363 1285 nosset:
386 1219 435 1284 111
459 1219 509 1298 13,
533 1221 574 1297 4;
596 1237 665 1302 app.
692 1219 741 1299 17,
765 1221 795 1283 4.

246 1340 383 1404 nossem:
409 1337 424 1402 Ι
449 1337 572 1418 11,14.

621 1564 651 1643 e)
689 1561 855 1628 Seneca.

242 1722 349 1782 nosse:
372 1717 430 1800 Ag.
449 1715 521 1796 492,
546 1717 636 1782 Hero.
649 1717 683 1781 F.
701 1716 773 1796 216,
799 1716 874 1783 055.
891 1715 963 1784 514.
980 1717 1053 1799 838,
1077 1719 1210 1786 Phaedr.
1228 1720 1300 1785 151.

241 1835 469 1922 555εέ515555
493 1836 603 1904 Troad.
627 1835 699 1900 557.

241 1957 358 2040 (nosset
380 1957 414 2021 15
436 1957 517 2021 eant.
541 1956 670 2038 sappu:
694 1955 776 2020 Med.
800 1954 887 2039 652).

279 2197 436 2278 Quantum
474 2195 606 2264 Plautus
644 2218 661 2263 a
699 2200 749 2263 oet
750 2198 810 2264 eris
848 2197 967 2263 differt!
1032 2198 1092 2279 Qui
1129 2200 1222 2267 habet
1258 2200 1299 2266 24

180 2317 289 2402 (mid)
280 2337 325 2383 res
356 2317 481 2400 plenam
511 2317 653 2397 formam,
689 2318 736 2382 bis
759 2319 880 2383 tantum
905 2318 1094 2383 5555555555
1117 2336 1245 2400 eamque
1266 2319 1299 2383 in

178 2437 312 2520 prologis
323 2436 362 2519 ¹),
386 2437 439 2519 qui
458 2436 536 2501 nihil
559 2436 664 2502 valent
680 2436 717 2501 ad
734 2455 906 2502 sermonem
922 2437 1103 2502 Plautinum
1127 2437 1299 2502 diiudican-

179 2557 262 2621 dum.
307 2555 387 2620 Tum
419 2561 521 2621 autem
554 2556 624 2622 inde
653 2575 671 2622 5
702 2556 844 2622 Terentio
876 2577 913 2621 ne
936 2556 1032 2622 semel
1054 2556 1177 2639 quidem
1200 2557 1299 2624 forma

176 2679 266 2760 plena
298 2678 439 2756 occurrit,
473 2677 768 2757 20-15555555555,
802 2697 872 2743 555
896 2678 979 2743 5515
1004 2677 1140 2744 oratione
1163 2679 1298 2763 pedestri

175 2800 205 2862 et
228 2795 310 2880 apud
332 2796 439 2880 poetas
463 2796 641 2880 dactylicos,
674 2796 749 2861 lieet
779 2796 955 2862 rarissimae
978 2798 1051 2878 sint,
1083 2798 1135 2864 sed
1161 2818 1219 2866 non
1244 2799 1298 2864 de-

175 2917 237 2982 sint
258 2916 375 2981 155555
398 2916 588 3000 trisyllabae.

276 3229 302 3292 1)
330 3227 360 3281 ln
387 3227 431 3281 iris
459 3227 641 3295 prologorum
668 3228 798 3282 versibus
822 3226 901 3290 (Men.
921 3227 1156 3295 5520551155.
1176 3242 1216 3294 pr.
1236 3227 1297 3293 142>

173 3327 231 3367 555
249 3314 342 3366 solum
360 3313 492 3368 infinitivi
520 3315 659 3367 contracti
686 3314 839 3376 offendunt,
868 3316 961 3382 ipsum
988 3315 1061 3368 enim
1091 3315 1297 3378 ,15555555-

174 3400 270 3454 eendi“
299 3401 417 3454 verbnm
442 3413 535 3466 neque
562 3399 712 3454 Plautinae
738 3415 830 3468 nequo
856 3402 966 3469 priseae
983 3400 1131 3454 latinitatis
1150 3403 1202 3464 555,
1229 3413 1296 3452 555

173 3487 239 3539 5555
266 3484 410 3539 Ciceronis
439 3485 562 3538 5555555
589 3499 646 3540 555
673 3487 825 3550 invenitur,
852 3487 908 3540 nisi
935 3486 1023 3539 semel
1041 3485 1071 3538 in
1088 3485 1207 3539 Pacuvii
1224 3487 1296 3552 trag.

173 3573 227 3625 ino.
245 3571 357 3625 371R.²
376 3571 486 3638 (fragm.
506 3572 536 3624 in
555 3571 635 3625 Rhet.
655 3573 690 3625 55
708 3571 966 3638 1155555.1123,36
984 3573 1148 3638 servatum).
1184 3572 1226 3627 Ne
1242 3572 1298 3626 hoo

172 3657 285 3724 quidem
311 3657 509 3724 argumentum
537 3658 566 3710 in
594 3658 779 3725 prologorum
796 3660 881 3726 poeta
899 3658 1057 3714 definiendo
1075 3660 1104 3713 55
1122 3661 1216 3714 555555
1235 3672 1297 3712 555-

171 3744 361 3806 temnendum,
391 3758 457 3798 nam
487 3744 596 3810 ‚guttai
624 3747 706 3798 55555
734 3745 890 3812 lapidem‘:
922 3745 1103 3800 cumulantur
1128 3746 1232 3799 1551515
1258 3757 1298 3798 ex

171 3831 324 3885 verborum
342 3845 397 3884 555
424 3832 452 3884 55
479 3830 649 3885 elocutionis
667 3833 889 3898 proprietatibus
911 3833 1025 3899 sumpta
1051 3833 1088 3897 (v.
1107 3846 1193 3899 supra
1210 3846 1236 3898 p.
1254 3830 1296 3892 91,

171 3917 234 3970 adn.
252 3917 287 3985 2).
323 3917 401 3971 Η555
427 3932 514 3972 5555
541 3918 604 3972 5155
632 3919 709 3972 viam
735 3918 771 3972 ad
797 3919 981 3985 prologorum
1008 3919 1146 3984 originem
1164 3915 1296 3969 definien-

171 4004 243 4066 dam,
269 4018 335 4057 nam
362 4005 398 4058 iis
425 4005 590 4070 rationibus,
619 4006 720 4072 quibus
739 4005 832 4059 adhue
849 4006 975 4074 plerique
993 4017 1019 4057 5.
1039 4004 1063 4055 5.
1082 4002 1127 4055 usi
1145 4002 1220 4064 sunt,
1247 4001 1296 4067 qui

172 4089 374 4155 disquirebant,
391 4092 487 4146 utrum
504 4093 659 4146 necessarii
676 4092 734 4145 sint
753 4092 865 4160 prologi
883 4092 917 4146 ad
936 4089 1059 4143 fabulam
1077 4087 1294 4153 intellegendam

168 4189 266 4240 neone,
293 4175 461 4231 Plautinone
487 4178 600 4244 ingenio
621 4178 700 4244 digni
726 4192 762 4231 an
791 4179 888 4244 potins
914 4177 1053 4242 nugatore
1080 4173 1199 4240 plebeio,
1226 4173 1295 4228 -ista

168 4261 218 4314 515
244 4261 307 4315 5155
334 4263 388 4315 vix
405 4277 528 4330 unquam
546 4266 655 4318 certum
673 4263 811 4317 15515155
829 4264 859 4317 15
877 4263 931 4316 hae
948 4260 1114 4328 quaestione
1132 4259 1297 4316 difficillima

170 4361 363 4414 assequemur.
