3026 4914
714 391 775 454 145

179 592 312 658 audire“
343 591 495 670 inlibris,
530 592 612 674 quod
643 612 678 658 ex
709 594 912 673 „indaudire0‘
943 613 1067 676 pessum
1100 592 1208 659 dutum
1240 611 1306 658 esse

176 712 380 778 manifestum
398 713 463 776 est:
486 711 607 776 Mero.
630 713 709 776 941
737 731 842 778 omnes
858 712 931 778 libri
946 713 1038 790 „iude
1054 712 1190 792 audire“‚
1208 714 1306 778 metro

177 833 214 896 et
244 830 293 894 in·
324 829 355 894 et
384 829 455 894 ind·
488 829 646 896 scribendo
678 829 808 910 satisfit3
849 831 901 896 St.
925 829 966 895 77
990 833 1018 896 A
1045 829 1305 911 „iusudlverim“;

179 949 241 1014 cet.
276 948 367 1030 „iude
398 949 599 1028 audiverim,
634 968 670 1012 ex
701 969 760 1032 quo
792 950 883 1014 metri
914 967 1008 1016 cause
1042 949 1305 1028 „indaudiverim“

179 1069 411 1136 restituendum
434 1071 499 1146 est;
538 1069 561 1134 Ο
571 1090 600 1153 p.
626 1090 679 1153 pr.
702 1071 753 1134 30
785 1089 889 1136 omnes
921 1071 1007 1136 codd.
1035 1072 1124 1149 „inde
1154 1071 1306 1156 auditib‘,

181 1189 238 1254 sed
270 1188 383 1254 eodlois
414 1189 443 1252 A
474 1189 685 1255 testimouium
711 1190 796 1255 deest
820 1191 851 1254 et
873 1189 923 1256 hio
945 1191 976 1256 et
998 1192 1030 1256 in
1054 1191 1148 1258 Mero.
1171 1211 1201 1258 v.
1224 1193 1304 1272 9413

179 1309 304 1393 syllaba
325 1309 426 1391 prima
448 1310 541 1394 longa
571 1329 647 1393 opus
670 1312 727 1376 est.
773 1311 911 1376 Primam
942 1312 1067 1396 longam
1099 1331 1146 1377 res
1178 1313 1308 1378 metriae

179 1431 231 1496 his
262 1449 381 1513 quoque
412 1431 552 1496 versibus
574 1433 690 1515 poscit:
730 1433 799 1498 Mil.
823 1433 897 1497 211.
921 1431 994 1512 442,
1025 1432 1087 1497 Mo.
1112 1431 1193 1508 5423
1230 1432 1305 1498 item

182 1553 215 1616 in
237 1550 330 1616 Novii
355 1554 410 1634 frg.
435 1551 477 1614 55
500 1569 543 1634 sq.
568 1551 628 1632 3²,
667 1553 817 1635 siquidem
842 1553 1029 1619 Ribbeoldus
1052 1557 1135 1618 reete
1158 1552 1306 1618 baeobeos

181 1670 329 1736 restituit.
375 1669 434 1736 Sed
458 1689 527 1734 oum
550 1674 622 1753 post
644 1671 823 1736 Terentium
846 1672 1151 1764 nusquamflormem
1176 1671 1306 1738 vetusti·

183 1810 267 1857 orem
289 1791 395 1856 inferri
422 1809 597 1856 neeesse
630 1792 671 1856 sit
703 1795 818 1876 (neque
842 1793 911 1857 Ter.
935 1793 1062 1858 Phorm.
1085 1791 1159 1872 877,
1192 1791 1306 1857 Paene.

182 1915 224 1978 35
247 1914 296 1979 R²
317 1913 354 1996 ¹),
392 1914 500 1978 Atran.
523 1913 565 1976 68
582 1914 608 1996 ²)
649 1933 746 1997 neque
779 1915 809 1979 in
834 1913 987 1980 Ciceronis
1010 1914 1152 1996 epistulis
1176 1915 1215 1979 ed
1239 1913 1305 1978 nrt.

183 2035 226 2098 VI
251 2035 280 2112 1,
304 2033 364 2111 ’2ος
397 2034 457 2098 XV
479 2033 532 2111 26,
558 2035 593 2110 13
629 2035 687 2112 „ed
712 2035 805 2100 fam.“
831 2035 877 2100 lX
899 2034 950 2114 24,
977 2037 1023 2118 1),
1055 2055 1093 2100 ue
1115 2035 1215 2102 Novio
1238 2035 1306 2118 qui·

183 2157 251 2221 dem
292 2153 371 2220 hane
409 2155 539 2218 formem
577 2154 710 2220 tribuere
747 2155 843 2219 audeo
861 2153 899 2234 ³).
953 2153 1104 2234 Quoniam
1138 2159 1168 2219 lu
1202 2151 1307 2220 Plauti

186 2273 349 2341 comoediis
381 2293 441 2338 uno
476 2294 565 2340 versu
589 2275 682 2339 Mero.
706 2276 764 2338 941
792 2276 917 2357 excepto
941 2293 1062 2355 semper
1084 2273 1215 2356 primam
1239 2273 1306 2338 lon-

184 2415 254 2480 gam
292 2395 503 2462 desideramus
541 2395 632 2479 (quae
664 2396 790 2462 Terenti
827 2397 928 2460 aetate
967 2395 1028 2460 iem
1063 2393 1237 2474 obsolevit),
1276 2395 1307 2458 et

184 2517 362 2600 Langenum
387 2517 439 2600 (ad
462 2517 534 2581 Aul.
558 2516 634 2600 266)
667 2519 749 2582 reete
781 2517 965 2583 iudicavisse
1001 2513 1198 2592 „inaudiendl
1222 2514 1306 2578 verbi

185 2636 296 2701 formes
321 2636 340 2700 d
362 2635 467 2701 littera
499 2638 614 2702 omissa
641 2655 700 2702 non
725 2637 887 2702 Plautinas
911 2641 997 2701 esse“
1030 2634 1229 2700 statuendum
1260 2637 1306 2700 est

185 2761 214 2822 et
236 2757 469 2822 Fleckeisenum
492 2758 573 2822 reete
596 2757 686 2821 illurn
710 2757 834 2840 quidem
862 2757 898 2822 de
922 2755 1029 2822 eodem
1052 2775 1142 2822 uersu
1165 2755 1306 2834 sensisse,

187 2877 238 2941 sed
267 2895 384 2942 errasse
415 2875 445 2940 in
479 2876 573 2942 Mero.
598 2897 627 2942 v.
650 2875 725 2956 944,
763 2897 891 2960 quorum
929 2879 1056 2960 uterque
1088 2895 1194 2942 versus
1227 2894 1307 2941 nuno

186 2996 321 3062 breviter
342 2995 420 3059 mihi
442 2994 621 3060 tractandus
645 2997 709 3060 est:

245 3153 269 3234 †
293 3151 366 3216 Aul.
390 3150 453 3216 266
477 3149 573 3215 medo
596 3169 652 3234 ego
680 3151 770 3215 illum
801 3149 864 3213 ium
891 3127 1117 3214 inaudisse
1141 3129 1218 3213 mibi
1241 3168 1306 3215 esse

944 3269 1145 3335 thensaurdm
1169 3269 1263 3333 domi.

285 3423 336 3490 Sio
367 3423 439 3488 libri
461 3424 609 3503 Plautini,
642 3444 712 3489 eum
745 3424 879 3490 Noniani
912 3425 955 3507 (p.
978 3422 1052 3502 500,
1075 3419 1130 3505 30)
1165 3421 1306 3498 „inaudi-

185 3546 283 3612 visse“
308 3546 492 3628 praebeant3
531 3546 654 3610 illorum
686 3547 903 3611 auctoritatem
926 3545 951 3609 si
975 3543 1122 3627 sequeris,
1153 3543 1306 3628 legesis:

246 3701 343 3767 Credo
362 3721 417 3785 ego
439 3702 531 3766 illum
553 3702 616 3766 iam
638 3702 895 3768 indaudisee
919 3700 994 3766 mihi
1017 3719 1084 3768 esse
1107 3701 1306 3767 thensaurdm

1169 3820 1262 3885 domi.

286 4051 312 4116 1)
340 4049 423 4104 Nulla
442 4065 527 4104 eausa
544 4050 734 4117 Kiesslingius
754 4051 839 4104 scribi
857 4051 940 4105 iussit
961 4048 1146 4113 „indaudivi“.

284 4154 310 4222 2)
339 4155 486 4208 Ribbeekii
506 4155 681 4220 „indaudiat“
702 4155 811 4209 edentis
829 4156 954 4208 rationes
968 4152 1088 4220 probare
1107 4165 1164 4205 non
1182 4163 1304 4217 possum.

284 4259 312 4326 3)
340 4259 383 4312 De
401 4259 485 4312 huius
504 4260 585 4312 verbi
603 4259 719 4313 notione
737 4259 864 4312 breviter
891 4258 964 4311 dixit
982 4255 1099 4310 Brixius
1127 4255 1163 4309 ad
1181 4254 1235 4308 llil.
1255 4254 1306 4308 213

187 4339 214 4395 st
229 4343 343 4398 uberius
362 4343 532 4398 Ribbeolrius
550 4345 579 4398 in
597 4345 649 4411 frg.
670 4343 748 4398 eom²
776 4359 800 4411 p.
820 4341 886 4397 CIX.
