3026 4914
699 412 760 476 109
775 437 778 442 ¹

295 620 351 684 boe
382 635 473 682 versu
505 615 673 682 Camerarii
707 618 915 683 coniecturam
943 615 1138 682 lenissimam
1169 616 1289 697 praele-

293 758 371 818 ram,
393 757 454 821 qua
477 737 598 820 plenior
618 737 718 802 forma
741 737 889 802 servetur.

231 858 350 941 †Tru.
373 857 436 922 595
457 856 603 940 Quisquis
635 857 691 923 est.
727 863 762 934 lss
799 855 920 940 Dignus
950 855 999 921 est
1029 856 1198 921 mecastor:
1236 875 1291 922 ne·

678 977 751 1061 qnid
773 978 821 1043 est
843 993 902 1041 non
924 977 1090 1043 novisti
1111 976 1247 1043 obsecro.

234 1099 404 1166 Sehoellius
427 1099 462 1164 ut
483 1098 645 1165 trochaeos
667 1098 809 1182 fingeret,
831 1097 961 1163 eorrexit
983 1098 1046 1162 sie:

226 1200 372 1303 Quisquis
395 1220 452 1285 est.
487 1227 522 1298 ssss
556 1218 694 1303 Dignust
707 1220 877 1284 mecastor:
901 1217 1074 1300 usquamst.
1092 1235 1153 1283 nou
1176 1219 1293 1284 nosti

1112 1337 1247 1412 obsecro,

235 1459 287 1524 sed
319 1477 390 1525 eum
422 1458 521 1524 multo
551 1456 775 1540 probabiliores
807 1458 870 1524 sint
901 1457 1014 1538 erenei,
1046 1475 1123 1540 quos
1155 1457 1293 1541 plerique

296 1579 459 1664 agnouisse
490 1578 550 1644 sibi
581 1577 641 1643 visi
675 1580 756 1658 sunt,
795 1577 1021 1657 „novisti“
1057 1576 1293 1661 relinquendum

298 1703 347 1767 eet
368 1702 487 1784 poetae.

234 1828 258 1898 †
278 1821 351 1886 'Pru
376 1819 440 1886 726
461 1821 505 1887 'l'e
528 1824 645 1905 loquar,
669 1820 723 1887 sed
746 1821 800 1887 diu
820 1821 942 1887 tacete:
975 1821 1111 1887 novistin
1133 1823 1189 1888 tun
1212 1822 1294 1888 hune

802 1940 1007 2008 Strabacem?
1042 1948 1078 2020 lss
1112 1941 1252 2023 Quidni?

237 2061 286 2128 Sis
317 2061 405 2128 eodd.
437 2079 559 2128 versum
592 2060 731 2127 funditus
765 2061 969 2145 depravatum
1001 2063 1164 2141 exhibent;
1203 2082 1296 2147 quern

299 2203 328 2249 v.
361 2181 390 2248 d.
426 2182 591 2248 emendare
628 2181 762 2248 nondum
800 2183 976 2266 potuerunt.
1029 2183 1182 2268 Equidem
1220 2186 1294 2266 puto

299 2303 462 2370 tutandam
485 2322 552 2370 esse
574 2303 705 2370 formem
729 2303 907 2388 pleniorem.

588 2526 622 2609 b]
652 2525 882 2594 Caecilius.

237 2677 299 2742 237
322 2699 367 2762 sq.
392 2678 468 2762 (Cio.
492 2699 546 2763 pro
570 2677 674 2746 Caelio
699 2680 748 2758 16,
772 2680 861 2765 37));

481 2821 535 2868 eur·
558 2801 690 2868 alienam
713 2801 810 2868 ullam
833 2802 994 2868 mulierem

240 2965 244 2969 -
300 2901 417 2988 Nostia

238 3042 427 3111 Distributio
450 3062 594 3109 versuum
617 3043 745 3110 ineerta.

583 3268 612 3351 e)
644 3266 886 3332 Terentius.

240 3421 336 3486 nosti:
369 3420 466 3487 Andr.
489 3421 562 3501 441,
594 3421 673 3487 Eun.
696 3421 769 3486 345.
792 3421 867 3501 351,
897 3421 1012 3487 Heaut.
1035 3418 1107 3486 180.
1129 3418 1203 3501 239,
1235 3419 1298 3488 Ad.

303 3539 374 3607 177.
398 3539 472 3606 573.

240 3641 360 3726 nostin:
393 3661 569 3726 14155405.
593 3658 665 3740 563,
699 3661 823 3727 Phorm.
846 3660 901 3740 64,
930 3661 991 3728 Ad.
1015 3657 1079 3726 780
1090 3659 1126 3746 ¹).

239 3783 443 3866 cognosti(s):
477 3783 574 3848 Andr.
597 3782 670 3862 586,
702 3782 779 3849 Hes.
803 3781 833 3847 8.

240 3903 375 3986 pernosti
399 3903 491 3988 (el.):
522 3903 619 3969 Andr.
642 3901 715 3967 503.

240 4023 398 4106 †Heaut.
422 4022 484 4088 527
510 4003 652 4090 Vicinum
675 4023 756 4088 huno
778 4022 998 4088 novistin?
1022 4023 1056 4086 et
1077 4019 1167 4103 quasi
1182 4020 1215 4150 'is
1238 4036 1298 4084 non

1159 4137 1256 4204 neiis

183 4245 436 4259 *a*

282 4369 309 4436 1)
338 4369 463 4433 „nostin“
484 4380 580 4422 errore
599 4365 735 4421 traditum
752 4365 782 4418 in
800 4364 942 4432 plerisque
961 4357 1039 4418 eodd.
1057 4361 1109 4417 Ad.
1128 4362 1188 4418 577.
