3060 4788
742 444 784 508 74

658 534 864 548 ,.......-.-.-.

197 655 333 739 quaerat,
364 652 438 736 qnid
470 653 512 717 sit
544 669 663 728 causae,
697 668 751 714 cur
781 667 840 714 non
872 647 912 712 ad
934 647 1063 712 eandem
1086 665 1191 712 omnes
1215 665 1326 728 super-

197 774 287 840 lativi
324 772 416 837 relati
449 771 512 837 sint
545 771 705 849 rationem,
744 786 852 833 causas
888 767 1025 849 proferre
1063 769 1161 832 certas
1198 750 1325 849 quidem

197 914 312 973 vereor,
344 893 397 958 sed
420 892 473 956 uhi
494 909 621 956 casuum
644 889 877 954 terminationes
901 887 979 952 nihil
1001 886 1040 951 ad
1063 887 1165 953 suffixi
1186 888 1324 952 litteram

198 1015 300 1080 valere
323 1013 462 1097 cognovi,
488 1013 658 1095 superiores
681 1009 803 1074 litteras
826 1009 950 1073 maioris
971 1028 1039 1072 esse
1055 1008 1205 1073 momenti
1220 1009 1323 1091 suspi-

198 1135 284 1198 catus
308 1132 477 1208 observavi,
501 1132 580 1196 siin
605 1130 734 1215 syllaba,
765 1149 842 1212 quae
866 1129 1037 1212 praecedat,
1072 1135 1131 1207 „0“
1163 1133 1234 1224 (nec
1265 1149 1323 1194 non

200 1255 278 1332 „u“i
313 1255 515 1332 contineatur,
548 1254 587 1318 ad
621 1260 681 1331 „u“
715 1252 852 1316 litteram
875 1269 980 1316 vocem
1003 1251 1034 1314 in
1058 1250 1167 1314 suffixo
1193 1229 1321 1326 ,‚r¹1mus“

198 1374 310 1453 delabi,
333 1375 420 1440 velut
440 1375 473 1438 in
498 1375 697 1455 „optumus·‘,
733 1376 938 1455 „proxumus“
964 1371 1170 1451 („ultumus··,
1197 1369 1324 1450 „pluru-

197 1497 311 1576 mus“)‚
335 1493 382 1559 sin
407 1494 511 1558 autem
538 1494 585 1566 „i“
611 1493 726 1558 vocalis
750 1491 920 1569 antecedat,
944 1490 1080 1554 litteram
1103 1491 1184 1553 inter
1210 1495 1268 1566 „u“
1293 1490 1325 1553 et

199 1613 250 1690 „i“
283 1613 417 1679 mediam
449 1632 631 1697 propensam
665 1632 731 1678 esse
765 1612 804 1676 ad
841 1612 902 1690 „i“‚
938 1611 975 1675 ut
1010 1612 1085 1692 puta
1123 1609 1323 1688 „minimus“.

198 1735 364 1799 Praeterea
394 1735 565 1817 pinguioris
597 1734 665 1799 soni
696 1733 833 1799 studium
869 1732 974 1811 augeri
997 1731 1119 1796 videtur·
1141 1731 1245 1794 littera
1270 1733 1320 1806 „t“

197 1851 284 1916 verbi
306 1852 440 1918 radicem
464 1851 637 1918 claudente.

300 2005 343 2017 -
360 1971 536 2036 Adhihnere
553 1989 626 2052 ergo
642 1971 806 2052 scriptores
821 1969 914 2052 prisci
930 1971 962 2032 et
979 1973 1126 2044 „-umus“
1141 1969 1171 2031 et
1184 1967 1320 2045 „-imus“

198 2089 290 2171 atque
313 2089 392 2154 illud
414 2088 549 2172 quidem,
582 2091 617 2154 ut
648 2090 780 2164 videtur,
815 2089 990 2172 saepius
1023 2107 1115 2170 quam
1147 2087 1177 2150 in
1209 2086 1324 2150 nostris

199 2209 355 2276 codicibus
378 2213 471 2286 extat,
504 2211 649 2293 quoniam
684 2219 829 2286 „·urnus“
856 2213 886 2274 in
910 2213 1049 2290 „-imns“
1074 2210 1189 2273 mutari
1210 2209 1322 2289 potuit,

199 2351 258 2396 non
281 2332 383 2410 potuit
406 2333 514 2397 hocin
538 2333 625 2396 illud.
671 2333 754 2396 Nam
777 2334 804 2398 si
829 2333 965 2410 „-imus“
990 2333 1023 2395 in
1045 2349 1152 2394 -umns
1175 2329 1323 2395 ascribis

199 2453 449 2531 pammaueisve
473 2451 629 2518 mutatum
652 2455 743 2529 esset,
768 2452 933 2535 aliquoties
958 2453 1155 2528 „minumus”
1179 2452 1210 2514 in
1234 2450 1324 2514 libris

198 2589 290 2638 mann
313 2573 438 2655 scriptis
461 2573 654 2657 legeremus!
698 2573 805 2655 Neque
838 2573 897 2638 erit
927 2574 981 2655 qui
1011 2573 1140 2636 miretur
1169 2571 1248 2635 hanc
1278 2570 1323 2633 rei

198 2693 454 2775 orthographicas
494 2693 731 2756 inconstantiam
775 2693 807 2756 in
848 2693 961 2758 Plauto
995 2693 1142 2774 aliisque;
1180 2689 1323 2772 equidem

198 2815 306 2876 contra
327 2813 442 2876 maiore
464 2830 603 2877 moverer
624 2813 838 2890 admiratione,
863 2813 889 2877 si
911 2813 960 2878 illi
983 2813 1158 2877 constantes
1181 2811 1322 2875 tuissent.

198 2931 279 3011 Quin
302 2931 336 2997 C.
356 2931 461 2998 Julius
484 2931 606 3008 Caesar,
637 2934 691 3015 qui
722 2935 804 2997 esset
830 2935 925 3017 ἄκρος
947 2932 1173 3018 derepente,
1207 2933 1238 2994 in
1270 2950 1323 2994 su-

198 3051 418 3136 perlativorum
441 3052 664 3136 orthographia
687 3055 832 3118 constans
855 3075 914 3119 non
938 3055 1006 3118 fuit

301 3171 361 3252 Qui
393 3173 490 3257 igitur
519 3175 683 3258 scriptores
714 3174 828 3240 latinos
859 3177 1052 3258 maximeque
1089 3175 1201 3240 aetatis
1234 3177 1323 3238 ante-

198 3293 418 3376 grammaticae
451 3293 557 3374 edunt,
591 3299 626 3361 ut
648 3314 740 3378 quam
764 3295 900 3378 proxime
923 3296 1071 3360 accedant
1093 3296 1132 3360 ad
1155 3294 1323 3378 genuinam

199 3413 382 3494 scriptorum
405 3415 666 3498 orttrogrnphiam,
688 3415 809 3480 codices
832 3415 925 3480 duces
947 3417 1134 3498 sequantur!
