3026 4914
748 389 809 454 152

676 479 881 490 *aa——u--n-

830 613 909 679 quae
932 593 1015 660 intrt
1037 592 1142 661 desem

412 723 518 820 Aones
540 719 644 802 togam
668 733 762 782 unam
784 713 980 799 nequisti
1003 713 1144 780 detexero

217 861 249 927 Si
281 879 373 943 quem
405 858 551 938 „deoem“
583 855 615 921 in
643 855 707 920 dne
737 873 843 920 versus
868 853 1005 937 positum
1029 854 1060 918 et
1082 854 1120 918 ab
1143 852 1355 919 substantivo
1404 885 1406 888 ·

216 980 390 1048 seiunctum
427 976 571 1056 offendat,
607 975 713 1042 videat
749 974 890 1056 exempla
926 973 965 1040 ab
996 971 1174 1058 Appubnio,
1211 969 1354 1052 Quaest.

216 1099 333 1179 Plani,
355 1117 386 1180 p.
405 1095 447 1160 58
469 1115 534 1180 sqq.
559 1095 697 1179 prolats3
720 1095 807 1162 verbi
829 1111 922 1161 eausa
943 1112 973 1158 s.
995 1092 1045 1165 ΡΙ.
1068 1091 1163 1158 Stich.
1190 1089 1251 1154 188
1274 1109 1355 1173 sq.:

349 1233 452 1301 Solero
474 1233 673 1317 elephantum
696 1230 856 1315 grtvidam
879 1231 1044 1314 perpetuos
1067 1229 1208 1296 deoem

349 1355 426 1422 Esse
450 1357 578 1420 tnnos
595 1352 629 1437 ¹).

636 1576 667 1658 e)
704 1574 920 1641 Afranius.

281 1707 989 1814 wwwmmnmmffi

610 1954 642 2037 f)
681 1951 949 2035 Pomponius.

282 2087 1300 2193 mmmmofflmmmmmwa

639 2332 673 2415 g)
710 2329 929 2397 Laberius.

283 2485 371 2571 †24
393 2505 437 2570 sq.
463 2486 559 2571 (Non.
584 2484 655 2566 107,
679 2484 754 2569 32):

348 2623 469 2704 Quare
491 2624 555 2689 tam
578 2624 708 2690 arduum
733 2622 906 2690 ascendas?
943 2641 981 2688 an
1005 2624 1256 2708 concupisti
1286 2643 1348 2692 eu·

1000 2832 1002 2836 y
1026 2746 1113 2830 gium
1136 2747 1301 2812 scindere?

323 2881 373 2948 Sia
404 2881 476 2948 libri
507 2882 601 2949 Nonii
633 2881 759 2964 optimi:
797 2881 948 2967 Lugdun,
987 2883 1084 2966 Harl,
1123 2883 1225 2951 Guelf.
1252 2885 1282 2950 in
1309 2885 1348 2952 L.

220 3001 352 3068 Mueller
383 3003 545 3068 comment.
569 3003 636 3069 erit.
669 3005 745 3084 (non
779 3002 1003 3086 „concupiisti“
1015 3005 1048 3086 1).
1096 3004 1196 3072 Verba
1225 3003 1350 3074 tradita

221 3123 286 3189 sine
309 3123 402 3190 dubio
425 3124 469 3188 sio
490 3123 521 3188 ln
544 3123 619 3189 duos
634 3142 748 3214 ¹versus
772 3123 986 3191 distribuenda
1010 3126 1099 3191 sunt:

883 3281 943 3344 qua
965 3281 997 3328 re
1020 3263 1084 3329 tam
1110 3260 1242 3330 arduum

317 3381 505 3449 docendas?
543 3401 581 3446 an
596 3381 855 3464 'etnoupisti
878 3381 1003 3464 eligium
1027 3432 1035 3447 .
1059 3431 1066 3446 .
1091 3362 1240 3449 scindere.

325 3658 350 3727 1)
377 3661 453 3714 Idem
479 3659 645 3726 Appuhnius
673 3658 707 3711 de
734 3657 832 3711 uitiosi
857 3671 944 3712 versu
971 3657 1007 3724 (p.
1025 3657 1060 3714 87
1078 3657 1129 3726 sq.)
1159 3659 1221 3713 sine
1237 3659 1347 3716 iudlolo

222 3747 364 3809 disseruit,
383 3759 498 3799 versum
516 3745 591 3798 enim
609 3744 797 3798 conformavit
814 3759 872 3800 non
887 3743 969 3798 illum
987 3745 1100 3812 quidem
1114 3758 1170 3799 non
1183 3759 1350 3813 amoenum,

222 3835 271 3888 sed
290 3832 453 3889 acuentibus
470 3844 649 3897 pessumum:

325 3919 404 3984 Quae
421 3918 497 3971 intra
514 3931 603 3972 annos
622 3917 720 3971 desem
737 3917 860 3984 nequisti
877 3916 962 3971 untm
980 3917 1078 3984 togam
1097 3918 1240 3982 detexere,

222 4008 360 4061 annotans
387 4004 474 4058 heeo:
503 4003 652 4068 „Fortasse
678 4004 813 4070 nequiisti
836 4004 1021 4071 praeplaoet“.
1058 4003 1109 4058 Hio
1126 4006 1221 4059 tamen
1239 4017 1341 4058 versus

222 4094 312 4160 magis
338 4092 471 4146 ferendus
498 4092 550 4154 est,
581 4104 664 4158 quam
682 4103 766 4156 quem
783 4090 923 4144 huolanus
942 4090 1058 4144 Mueller
1075 4092 1104 4145 ln
1122 4091 1214 4146 Nonio
1232 4089 1343 4145 edendo

222 4192 337 4232 versum
365 4178 464 4241 effeoit,
491 4177 572 4231 ouius
599 4177 718 4231 similem
745 4178 797 4230 vix
823 4177 852 4231 in
879 4178 941 4231 tota
970 4177 1161 4232 Romanorum
1179 4177 1258 4244 poesi
1274 4176 1344 4230 iam·

222 4264 286 4317 biea
302 4263 449 4317 invenies:

246 4347 321 4400 Inter
338 4345 349 4414 s
368 4346 464 4400 deoem
482 4345 493 4413 l
511 4360 582 4414 quae
601 4347 689 4403 annos
708 4348 718 4414 l
735 4348 860 4414 nequisti
877 4347 888 4416 s
906 4346 991 4401 unam
1009 4347 1020 4416 l
1038 4349 1135 4415 sogam
1152 4349 1163 4416 l
1181 4347 1325 4402 detexere.
