3026 4914
730 417 792 483 130

193 626 333 710 minore),
357 626 413 690 aut
437 627 584 701 „rursus“
608 621 835 687 scribundumst
857 640 928 688 oum
946 622 1118 690 Ritseholio
1137 623 1231 708 (Nou.
1248 642 1321 690 exo.

193 745 234 808 44
260 743 356 824 adn),
395 741 521 808 Gootzio
558 741 620 821 (ed.
660 741 749 819 mai.)
787 740 948 824 Leoneque
991 743 1044 806 aut
1081 741 1323 826 „obsigna-

192 863 328 930 visti“
353 879 423 926 oum
445 860 654 926 Fleckeiseno.

256 1038 280 1119 †
313 1037 376 1100 As.
408 1033 472 1098 910
504 1012 735 1100 l'nuoeasti.
770 1040 805 1112 sst
840 1014 953 1116 linquis
977 1034 1087 1102 currit.
1102 1034 1321 1118 pollinctorem

1109 1155 1273 1222 accersere.

297 1311 408 1378 Hiatus
431 1311 546 1394 optime
572 1309 895 1388 „inuocauisti“
919 1309 1019 1374 forme
1040 1309 1168 1390 pellitur
1178 1309 1215 1392 ¹).

256 1463 322 1548 Ep.
348 1463 426 1528 130
449 1463 538 1545 Quod
569 1467 609 1530 ad
632 1485 681 1530 me
704 1464 840 1542 attinuit,
874 1463 931 1546 ego
957 1464 1072 1528 ourani.
1095 1462 1178 1546 quod
1199 1481 1321 1527 man·

1047 1582 1162 1647 dasti
1184 1580 1272 1646 mibi.

294 1751 332 1818 In
364 1751 462 1817 altera
492 1771 598 1818 uersus
629 1754 716 1836 parto
747 1771 809 1816 una
839 1751 960 1836 syllaba
991 1751 1087 1829 deest,
1124 1770 1184 1836 qua
1215 1750 1251 1816 do
1283 1768 1317 1814 ro

192 1871 336 1937 Goetaius
359 1871 516 1956 (inpetum
547 1873 671 1937 secutus
703 1872 777 1951 „tu“
810 1872 881 1936 anto
916 1871 1109 1951 „mandasti“
1141 1869 1316 1954 supplevit3
1349 1945 1359 1958 ἱ

191 1993 245 2058 sed
281 1993 345 2056 iam
381 1993 541 2057 Bentleins
579 1993 710 2056 {ormam
746 1993 883 2058 rest'tnit
913 1993 1083 2074 pleniorem
1116 1989 1318 2070 „manda-

190 2111 337 2189 visti“‚
371 2112 420 2176 eui
443 2113 479 2176 ut
500 2111 651 2176 assentiar
672 2110 773 2176 tribus
796 2129 989 2176 commoveor
1015 2111 1129 2176 nausis.
1173 2110 1317 2176 Primum

190 2235 253 2297 iam
286 2251 376 2314 saepe
407 2231 542 2298 vidimus
573 2231 715 2297 librarios
748 2233 846 2296 forma
876 2231 977 2313 pniset
1007 2231 1100 2314 pulsa
1124 2231 1316 2302 contractam

189 2353 220 2417 in
244 2351 350 2417 Plauti
381 2370 487 2417 uersus
520 2351 681 2429 intulisse;
717 2352 796 2430 tum,
829 2351 984 2416 sententia
1015 2352 1081 2417 sibe
1112 2351 1206 2416 dubio
1239 2352 1315 2429 „tn“

190 2491 354 2553 pronomen
387 2491 448 2537 non
480 2471 645 2552 desiderat,
682 2490 868 2555 quamquam
900 2471 1046 2536 Plautum
1081 2491 1173 2554 saepe
1207 2477 1317 2554 „ego“,

192 2593 279 2670 „tu“,
314 2597 419 2670 „vos“‚
453 2596 548 2668 „nos“
581 2590 674 2655 verbo
697 2591 785 2655 finito
808 2590 956 2656 adiecisse
980 2591 1105 2666 scimus,
1132 2590 1185 2654 nbi
1210 2589 1317 2656 (licere

189 2711 354 2789 omisisset,
383 2710 437 2775 sed
459 2709 502 2789 id,
527 2708 608 2792 qnod
630 2710 850 2792 gravissimum
872 2710 949 2774 mihi
972 2729 1039 2775 esso
1060 2710 1201 2776 videtur:
1233 2729 1317 2776 sem·

188 2848 243 2912 per
264 2827 397 2892 Plautus
429 2828 456 2893 si
487 2827 507 2890 2
537 2845 700 2910 personam
731 2829 808 2910 pert.
831 2829 924 2894 indie.
948 2831 1140 2896 contractem
1163 2830 1317 2908 adhibuit,

189 2948 351 3015 noeentum
390 2948 421 3012 in
461 2948 655 3030 paenultima
691 2948 814 3030 posuit:
858 2949 1005 3032 -tsti[s);
1051 2949 1121 3013 vide
1168 2967 1245 3031 quas
1282 2949 1317 3012 in

188 3090 218 3152 p.
252 3069 314 3132 125
346 3070 440 3134 attuli
470 3068 512 3131 24
544 3068 677 3133 formas:
719 3087 876 3151 nunqnam
914 3069 945 3133 in
984 3070 1022 3133 iis
1054 3070 1135 3135 iotns
1167 3071 1316 3135 metricus

187 3192 219 3254 in
242 3189 364 3274 syllaba
385 3189 498 3253 ultima
519 3189 638 3272 positus
671 3189 719 3253 est
740 3207 801 3253 uno
824 3189 949 3270 excepto
972 3187 1094 3272 Epidioi
1125 3208 1217 3255 versu
1240 3189 1314 3270 493,

189 3311 242 3392 qni
265 3311 426 3393 corruptus
449 3311 497 3374 ost
507 3308 541 3392 ²).
586 3309 694 3391 ltaque
716 3327 840 3375 vorsum
862 3309 907 3372 sio
928 3309 1017 3393 logo:

253 3465 343 3544 Quod
373 3464 414 3529 ad
444 3483 493 3529 mo
524 3463 662 3540 attinuit,
699 3462 755 3546 ego
787 3464 900 3528 curaui.
934 3464 1015 3547 qnod
1046 3445 1316 3530 mandavisti

1141 3583 1270 3665 mihi⁸).

293 3803 321 3874 1)
347 3803 580 3871 Engolbreohtns,
607 3817 632 3870 p.
660 3803 711 3856 223
741 3803 779 3868 (et
806 3801 1123 3874 Goetnius·Sohoellius)
1152 3809 1206 3862 vix
1233 3810 1315 3864 noeto

187 3895 298 3948 hiatum
326 3902 512 3958 personarum
541 3888 700 3942 mutatione
730 3890 881 3943 exousavit
910 3891 946 3956 (v.
973 3891 1122 3946 Ritseholii
1148 3894 1256 3961 proleg.
1282 3895 1316 3949 in

189 3980 273 4043 urin,
291 3993 317 4045 p.
336 3973 521 4038 clxxxlxl·
705 4053 710 4063 ,

199 4094 204 4103 ·
291 4081 321 4146 a)
349 4077 401 4131 Hlo
418 4089 521 4130 versus
538 4075 584 4128 vel
602 4073 644 4128 sio
661 4073 806 4128 amandari
823 4077 937 4142 potest:

358 4163 463 4229 lingna,
481 4161 580 4228 angae,
598 4157 713 4226 inpletae
731 4159 845 4224 aeuus:
868 4165 1002 4228 pugnasti
1020 4167 1144 4236 optume.
1177 4170 1183 4176 '

189 4245 313 4316 optume]
330 4247 416 4301 homo
434 4260 466 4300 es
484 4246 582 4304 ootlb:
604 4245 708 4308 ,boum
728 4243 863 4302 metatus
881 4247 923 4313 (in
940 4250 983 4304 ad.
1002 4252 1053 4307 lat
1071 4257 1197 4323 exempli
1215 4270 1313 4312 eausa

292 4347 320 4410 3)
347 4346 377 4399 ln
396 4347 520 4400 odinone
538 4345 735 4400 senonensem
751 4357 776 4398 a.
796 4345 863 4402 1895
880 4347 921 4402 tta
938 4353 1088 4410 restitutus
1105 4357 1218 4424 legitur.
