3060 4788
767 347 809 412 52

264 555 305 638 4)
338 554 525 638 superlativi
548 555 577 618 in
601 554 710 619 inoerii
734 554 872 618 auotorie
896 554 1022 619 litetur.
1046 552 1086 619 ad
1111 555 1310 622 Herennium.

326 707 465 790 Quatuor
496 707 534 776 de
565 709 684 775 ratione
716 709 839 774 dicendi
864 708 959 774 libros
982 707 1021 774 ad
1046 709 1235 775 Herennium
1259 710 1349 776 datos

222 831 305 898 iutra
326 847 353 896 a.
375 827 418 894 86
441 830 474 896 et
495 827 537 894 82
560 827 690 912 scriptos
722 845 789 896 esse
821 828 959 895 Murrius
989 830 1021 894 iu
1053 829 1198 896 editionis
1230 849 1303 896 suae
1320 830 1348 912 ¹)

224 968 253 1034 p.
279 948 340 1014 153
363 965 429 1032 sqq.
453 947 564 1026 evieit;
599 967 675 1031 quos
698 948 803 1016 utrum
825 948 1006 1018 Cornificius
1028 948 1232 1032 consoriporit
1254 968 1349 1015 ueoue

224 1088 294 1138 euru
333 1069 506 1136 noeoinmus
523 1068 559 1150 ²),
600 1069 659 1134 hoo
689 1068 808 1135 Mansio
845 1069 967 1135 auctore
1005 1068 1105 1134 dioere
1141 1069 1217 1135 lieet
1253 1069 1348 1137 luisse

222 1208 293 1256 eum
318 1188 482 1268 hominem,
507 1189 559 1272 qui
583 1188 705 1271 plebeio
728 1207 867 1255 sermone
889 1188 1035 1254 adamato
1057 1187 1197 1258 uteretur
1212 1192 1243 1256 et
1258 1192 1349 1275 toga-

197 1311 288 1386 etam
312 1310 519 1395 Plautumque
542 1310 618 1376 item
642 1309 720 1376 alios
742 1311 861 1376 veteres
884 1311 991 1393 poetas
1013 1309 1190 1378 imitaretur
1209 1311 1349 1395 interque

224 1429 374 1516 pedestria
406 1430 554 1498 sermonis
586 1429 750 1514 scriptores
784 1429 980 1514 „propiorem
1011 1449 1078 1497 esse
1112 1432 1143 1496 et
1166 1433 1349 1499 similiorem

225 1549 337 1634 Nepoti
370 1549 518 1616 Sallustio
550 1549 679 1616 Varroni
711 1568 803 1632 quam
837 1549 995 1617 Ciceroni“
1014 1550 1050 1635 ⁸).
1082 1588 1125 1600 —
1157 1552 1251 1619 looos
1281 1552 1348 1636 ipse

226 1688 261 1738 eu
284 1667 394 1736 Murali
418 1668 550 1736 editione
574 1669 715 1736 omnibus
739 1671 875 1736 numeris
898 1669 1033 1753 perfecta
1056 1670 1177 1754 collegi,
1205 1671 1347 1736 oodioum

224 1791 306 1860 uotis
329 1789 367 1856 ab
391 1789 446 1857 illo
469 1790 616 1859 adhibitis
643 1791 785 1874 equidem
817 1810 891 1858 usus
908 1791 946 1876 ⁶).
992 1791 1156 1858 Rationem
1189 1792 1349 1876 orthogra-

224 1909 346 1994 phioem
371 1911 462 1994 plone
485 1912 580 1996 probo
603 1911 724 1991 Martii,
756 1911 808 1996 qui
838 1929 930 1995 quam
952 1927 1073 1995 quoque
1095 1911 1162 1977 loeo
1184 1909 1349 1977 lectionem

226 2029 276 2098 via
300 2049 335 2098 ao
358 2031 476 2099 ratione
500 2032 622 2116 assequi
645 2032 746 2117 potuit
769 2031 1018 2115 antiquissimam
1041 2049 1109 2096 eam
1131 2031 1248 2114 recepit
1264 2031 1301 2117 ⁵).

328 2152 419 2220 Nune
442 2152 548 2220 eodem
573 2154 664 2236 atque
688 2171 780 2236 supra
801 2151 907 2218 ordine
930 2151 1044 2218 formas
1067 2151 1234 2218 enarrabo:

549 2378 557 2442 l
581 2379 720 2444 -leelmue
744 2379 791 2443 rel
815 2379 965 2445 -leeumue
982 2374 1018 2461 ο).

226 2531 258 2620 1)
290 2531 404 2600 Omnes
427 2529 514 2602 codd.
540 2533 608 2610 „i“:

291 2653 357 2736 lp.
384 2652 454 2732 193,
479 2656 508 2716 4.
533 2651 570 2730 7;
594 2651 668 2730 206,
691 2651 729 2730 5;
754 2653 784 2718 ΙΙ
808 2651 881 2733 269,
904 2653 942 2730 7;
968 2651 1095 2733 216,7’;
1121 2650 1249 2733 219,5;
1273 2649 1347 2730 220,

355 2771 404 2837 13.
428 2771 486 2856 20;
510 2769 584 2852 222,
608 2770 658 2837 18.
682 2771 838 2852 20;231,
866 2773 904 2837 17
928 2773 1026 2857 (614),
1061 2771 1135 2851 232,
1157 2773 1196 2849 53
1219 2772 1293 2854 233,
1315 2772 1346 2838 3.

352 2891 382 2956 4.
407 2888 465 2969 19;
489 2889 564 2968 234,
587 2890 616 2956 4.
640 2889 679 2968 ὅς
702 2889 774 2968 239,
799 2891 935 2971 4;241,
962 2891 1018 2970 16;
1053 2891 1126 2972 250,
1151 2891 1188 2970 5;
1220 2891 1294 2971 251,
1317 2891 1348 2966 2,

352 3010 390 3088 7;
429 3009 501 3090 263,
535 3011 594 3090 153
633 3009 707 3091 254,
740 3011 770 3078 2.
801 3011 840 3090 3;
885 3012 931 3079 ΙΙΙ
963 3012 1151 3092 266,2.4;
1189 3011 1347 3092 264,11;

352 3129 425 3208 266,
449 3130 510 3208 20;
548 3129 623 3208 267,
646 3131 684 3209 4;
717 3131 791 3212 268,
814 3131 853 3208 7;
885 3131 958 3211 269,
984 3134 1020 3210 l;
1051 3130 1127 3216 272,
1148 3134 1187 3208 9;
1219 3130 1292 3210 275,
1317 3135 1348 3196 4.

229 3329 439 3336 ιι---.---...-.-.-,--.

328 3446 355 3508 1)
382 3445 454 3514 idus.
476 3445 551 3500 1634.

327 3531 354 3594 2)
381 3529 420 3586 Cf.
439 3532 541 3588 llarxll
559 3529 649 3600 praei.
668 3546 693 3600 p.
713 3531 753 3586 73.

327 3616 355 3682 3)
383 3615 473 3674 llarx.
493 3633 518 3686 o.
538 3619 595 3673 167.

326 3703 353 3766 i)
380 3702 405 3756 it
424 3705 467 3758 est
488 3718 643 3758 oousousus
662 3703 741 3758 codd.
759 3702 923 3758 mutilorum
942 3702 1128 3770 llierbioolit.i
1150 3718 1172 3756 s.
1191 3701 1230 3755 lX
1248 3701 1295 3756 rel
1311 3701 1348 3767 X,

224 3789 355 3858 Pierislu.
374 3789 453 3854 iili)
471 3805 494 3844 s.
512 3789 559 3850 lx,
586 3789 745 3854 Brerueus)
771 3805 793 3844 s.
812 3788 850 3843 lX
869 3786 915 3842 rel
933 3789 968 3850 X,
996 3788 1168 3856 Ciorteiens.
1188 3790 1233 3842 rel
1251 3788 1348 3842 Petro

224 3877 290 3948 uolt
308 3891 330 3932 s.
348 3874 387 3932 lX
406 3876 452 3932 iol
471 3875 505 3938 X,
535 3893 553 3926 r
571 3875 717 3938 (Parisiut
734 3890 757 3930 s.
776 3875 811 3935 X,
840 3889 960 3942 quorum
987 3875 1086 3944 oprimi
1111 3881 1139 3928 en
1157 3875 1349 3942 antiquissimi

224 3972 291 4022 suut
309 3963 333 4020 ll
351 3972 379 4020 et
398 3962 437 4023 P:
468 3961 604 4020 lilintera
622 3963 702 4018 6666.
720 3963 851 4030 exoletae
875 3963 1038 4018 consentire
1064 3962 1248 4028 significatur,
1275 3975 1348 4029 quos

224 4051 345 4108 aionon
364 4051 459 4109 adero,
478 4049 553 4120 quod
571 4063 715 4118 uunquam
733 4049 852 4104 ion-maur
870 4051 1058 4104 vetustiorem
1076 4052 1272 4104 seruauerunt.

328 4225 357 4278 6)
383 4224 474 4278 Leros
499 4223 655 4278 emendum
683 4221 849 4278 llarxlauae
878 4221 1012 4276 editionis
1040 4223 1159 4288 paginas
1190 4231 1349 4286 versusque

225 4310 347 4366 laudari.
