3060 4788
600 970 922 1096 Praefatio.

711 1199 814 1206 -——

302 1245 351 1380 In
376 1314 424 1378 bis
458 1315 548 1392 loliIs,
588 1335 665 1398 quae
697 1336 777 1382 nuno
809 1318 926 1400 publici
958 1319 1033 1382 iuris
1057 1318 1145 1396 facie,
1178 1317 1254 1383 duas
1276 1337 1325 1384 res

199 1434 409 1500 demonstrare
442 1434 613 1500 studebam.
658 1437 799 1500 Primum
833 1456 893 1501 uno
926 1438 1064 1520 exemplo
1089 1439 1326 1522 orthographIco

197 1555 319 1637 prolato
350 1555 490 1620 evincere
522 1556 624 1636 cupivi
648 1557 763 1621 nulllus
794 1557 951 1640 scriptoris
975 1577 1148 1624 sermonem
1171 1559 1210 1622 ad
1233 1577 1326 1623 unam

197 1676 339 1758 regulam
362 1676 509 1740 constitui
530 1675 630 1754 licere,
664 1679 731 1741 tum
754 1677 870 1755 docere,
895 1679 1045 1760 quantum
1069 1679 1216 1760 praebeat
1238 1679 1325 1742 utili-

196 1797 274 1861 tatis
305 1797 348 1860 rei
371 1797 591 1879 grammaticae
623 1817 684 1862 una
707 1817 778 1862 eum
800 1800 947 1863 metricae
971 1799 1175 1882 proprietates
1198 1800 1230 1862 in
1252 1818 1325 1882 poe·

198 1921 312 1994 tarum,
349 1918 401 1999 qui
435 1918 502 2000 pari
536 1919 633 1983 metro
667 1919 806 1996 utuntur,
844 1919 1030 1984 carminibus
1062 1919 1213 2001 persequi.
1268 1901 1355 1983 llla'

198 2037 324 2129 quidem
346 2038 377 2102 in
400 2057 431 2102 re
455 2049 642 2120 quamquam
667 2058 716 2104 me
739 2057 798 2104 non
822 2039 903 2121 sugit
926 2040 1061 2104 virorum
1078 2020 1237 2104 doctorum
1257 2058 1326 2104 sen-

170 2156 315 2222 *tentios
349 2157 419 2238 post
442 2157 604 2222 Bitscbelii
636 2158 774 2240 tempora
806 2159 999 2242 aliquantum
1024 2161 1228 2225 commutatas
1251 2179 1325 2234 esse,

198 2279 337 2342 attamen
360 2278 391 2342 in
412 2279 614 2361 scriptoribus
638 2281 792 2345 veteribus
809 2280 936 2346 edendis
955 2281 1079 2344 nostrae
1098 2299 1217 2362 quoque
1242 2283 1327 2344 aeta-

197 2401 239 2463 tis
262 2400 459 2481 grammatici
482 2417 628 2482 persaepe
652 2406 820 2482 sequuntur
847 2401 1100 2483 aequabilitatem
1129 2402 1160 2465 et
1183 2402 1327 2464 constan-

197 2521 276 2584 tiam
300 2519 427 2584 rationis
452 2519 717 2602 orthographicas,
750 2519 836 2584 velut
870 2519 1094 2601 antiquissimis
1118 2521 1327 2584 Romanorum

198 2641 299 2724 poetis
330 2643 456 2707 student
487 2642 627 2706 omnibus
661 2659 878 2722 usquequaque
911 2641 987 2705 locis
1012 2643 1142 2705 candem
1168 2640 1327 2722 orthogra-

198 2762 305 2844 phiam
327 2762 470 2826 tribuere.
517 2761 657 2842 Apparet
678 2760 763 2823 nulla
785 2761 816 2823 in
841 2779 872 2823 re
895 2760 1098 2844 grammatica
1118 2761 1223 2824 tantae
1241 2779 1327 2824 seve-

198 2882 287 2946 ritati
309 2882 497 2946 studendum
521 2899 588 2946 esse
612 2882 643 2944 in
663 2879 817 2944 Plauto
840 2880 1009 2958 tractando,
1043 2879 1096 2944 sed
1122 2880 1154 2942 in
1178 2880 1328 2944 ortho-

198 3002 424 3084 graphicis
463 2985 604 3084 equidem
643 3001 806 3065 nullum
844 3003 944 3066 eriere
979 3001 1160 3082 scriptorem
1193 3001 1325 3064 latinum

199 3142 317 3201 censeo,
351 3124 404 3205 qui
435 3122 494 3186 sibi
518 3121 660 3187 constans
693 3121 796 3186 suerii.
843 3121 1070 3204 Orthographia
1096 3121 1178 3185 enim
1201 3122 1328 3185 minorIs

200 3241 349 3306 momenti
373 3241 442 3317 luit,
466 3259 556 3322 quam
581 3243 617 3304 ub
639 3241 802 3322 quisquam
829 3240 1083 3322 aequabilitatem
1106 3240 1328 3303 constantiam·

200 3381 260 3444 que
291 3363 348 3426 bae
380 3365 411 3426 in
443 3381 474 3426 re
507 3361 718 3443 proferendam
752 3364 883 3426 curaret.
928 3361 1037 3442 Neque
1070 3378 1205 3441 unquam
1240 3360 1330 3424 alitor

199 3482 363 3547 senserunt
393 3483 532 3548 homines
564 3482 740 3547 litterarum
769 3480 899 3546 studiosi
922 3481 1028 3562 paucis
1052 3480 1186 3562 exceptis
1209 3480 1329 3561 tempo-

199 3604 297 3686 ribus,
334 3606 369 3669 ut
401 3605 498 3668 altera
530 3623 552 3667 s.
579 3603 656 3666 XIX
688 3603 785 3684 parte.
831 3603 880 3664 An
913 3602 1076 3684 quisquam
1106 3599 1330 3664 Germanorum

200 3743 226 3788 s.
259 3721 366 3787 XVIII
396 3724 532 3788 terrunci
562 3723 636 3788 feeit
668 3717 946 3803 orthographiam?
1002 3722 1046 3786 At
1077 3721 1189 3784 mirum
1223 3717 1330 3802 quanti

199 3843 332 3908 formam
356 3845 387 3908 ot
408 3863 552 3908 versuum
576 3844 606 3908 et
629 3843 755 3926 linguae
777 3844 951 3907 Romani
976 3840 1148 3908 faciebant!
1190 3839 1330 3904 Nimium

202 3965 353 4046 quantum
387 3965 509 4046 assequi
536 3963 707 4059 'studebant
737 3963 862 4046 linguae
894 3963 1088 4044 splendorem
1127 3961 1329 4044 spectemque,

199 4103 262 4166 quo
285 4083 386 4147 studio
409 4084 467 4147 boo
490 4085 664 4162 effecerunt,
700 4085 734 4148 nt
758 4085 865 4165 lingua
887 4084 986 4148 latina
1012 4101 1080 4146 eam
1104 4084 1268 4146 consecuta
1291 4081 1332 4145 sit

200 4204 431 4286 perfeeIIonem,
468 4225 559 4287 quam
584 4206 669 4269 nulla
693 4224 790 4287 neque
815 4206 885 4269 ante
907 4223 964 4269 nee
988 4203 1074 4284 post!
1120 4202 1163 4267 At
1187 4201 1330 4284 equidem

198 4328 230 4391 in
256 4327 346 4390 rebus
379 4326 736 4409 orthograprois
769 4343 867 4407 neque
891 4322 1072 4387 Ciceronem.
1099 4339 1196 4402 neque
1220 4317 1330 4384 Caesa-
