<?xml version="1.0" encoding="UTF-8"?>
<!DOCTYPE html PUBLIC "-//W3C//DTD XHTML 1.0 Transitional//EN"
    "http://www.w3.org/TR/xhtml1/DTD/xhtml1-transitional.dtd">
<html xmlns="http://www.w3.org/1999/xhtml" xml:lang="en" lang="en">
 <head>
  <title>
</title>
<meta http-equiv="Content-Type" content="text/html;charset=utf-8" />
  <meta name='ocr-system' content='tesseract 3.04.00' />
  <meta name='ocr-capabilities' content='ocr_page ocr_carea ocr_par ocr_line ocrx_word'/>
</head>
<body>
  <div class='ocr_page' id='page_1' title='image "./quaestionumgram00brocgoog_0051.png"; bbox 0 0 3060 4788; ppageno 0'>
   <div class='ocr_carea' id='block_1_1' title="bbox 752 413 795 476">
    <p class='ocr_par' dir='ltr' id='par_1_1' title="bbox 752 413 795 476">
     <span class='ocr_line' id='line_1_1' title="bbox 752 413 795 476; baseline 0 0"><span class='ocrx_word' id='word_1_1' title='bbox 752 413 795 476; x_wconf 94' lang='lat'><strong>44</strong></span> 
     </span>
    </p>
   </div>
   <div class='ocr_carea' id='block_1_2' title="bbox 245 612 1299 816">
    <p class='ocr_par' dir='ltr' id='par_1_2' title="bbox 245 612 1299 816">
     <span class='ocr_line' id='line_1_2' title="bbox 245 612 1299 702; baseline 0.002 -22"><span class='ocrx_word' id='word_1_2' title='bbox 245 613 275 681; x_wconf 88' lang='grc'>4.</span> <span class='ocrx_word' id='word_1_3' title='bbox 299 614 441 682; x_wconf 80' lang='lat' dir='ltr'>-issimus</span> <span class='ocrx_word' id='word_1_4' title='bbox 473 612 538 680; x_wconf 92' lang='lat' dir='ltr'><strong>cod.</strong></span> <span class='ocrx_word' id='word_1_5' title='bbox 562 615 592 680; x_wconf 84' lang='lat' dir='ltr'>A</span> <span class='ocrx_word' id='word_1_6' title='bbox 623 614 666 682; x_wconf 89' lang='grc'><strong>65</strong></span> <span class='ocrx_word' id='word_1_7' title='bbox 688 615 761 702; x_wconf 83' lang='grc' dir='ltr'>(-ἰ-)</span> <span class='ocrx_word' id='word_1_8' title='bbox 784 637 792 682; x_wconf 89' lang='lat'><strong>:</strong></span> <span class='ocrx_word' id='word_1_9' title='bbox 815 614 857 680; x_wconf 81' lang='lat'><strong>35</strong></span> <span class='ocrx_word' id='word_1_10' title='bbox 882 616 980 702; x_wconf 80' lang='lat' dir='ltr'><strong>[·n·);</strong></span> <span class='ocrx_word' id='word_1_11' title='bbox 1011 615 1076 684; x_wconf 92' lang='lat' dir='ltr'><strong>cod.</strong></span> <span class='ocrx_word' id='word_1_12' title='bbox 1101 618 1128 682; x_wconf 91' lang='lat' dir='ltr'>B</span> <span class='ocrx_word' id='word_1_13' title='bbox 1151 615 1193 682; x_wconf 84' lang='grc'><strong>79</strong></span> <span class='ocrx_word' id='word_1_14' title='bbox 1216 638 1224 683; x_wconf 89' lang='lat'><strong>:</strong></span> <span class='ocrx_word' id='word_1_15' title='bbox 1247 615 1299 682; x_wconf 77' lang='lat'><strong>21.</strong></span> 
     </span>
     <span class='ocr_line' id='line_1_3' title="bbox 246 733 1298 816; baseline 0.002 -18"><span class='ocrx_word' id='word_1_16' title='bbox 246 733 448 802; x_wconf 83' lang='lat' dir='ltr'><strong>b.minimus</strong></span> <span class='ocrx_word' id='word_1_17' title='bbox 526 784 541 813; x_wconf 91' lang='lat'>„</span> <span class='ocrx_word' id='word_1_18' title='bbox 605 733 666 800; x_wconf 89' lang='lat'><strong>100</strong></span> <span class='ocrx_word' id='word_1_19' title='bbox 723 786 738 815; x_wconf 88' lang='lat'>„</span> <span class='ocrx_word' id='word_1_20' title='bbox 785 759 793 801; x_wconf 74' lang='grc' dir='ltr'>ε</span> <span class='ocrx_word' id='word_1_21' title='bbox 837 735 859 800; x_wconf 93' lang='grc'>0</span> <span class='ocrx_word' id='word_1_22' title='bbox 908 762 978 816; x_wconf 83' lang='grc'><strong>,,;</strong></span> <span class='ocrx_word' id='word_1_23' title='bbox 1066 785 1082 816; x_wconf 84' lang='grc'><strong>,,</strong></span> <span class='ocrx_word' id='word_1_24' title='bbox 1150 735 1223 802; x_wconf 79' lang='lat'><strong>92:</strong></span> <span class='ocrx_word' id='word_1_25' title='bbox 1268 735 1298 800; x_wconf 91' lang='grc'><strong>8.</strong></span> 
     </span>
    </p>
   </div>
   <div class='ocr_carea' id='block_1_3' title="bbox 206 955 1401 3445">
    <p class='ocr_par' dir='ltr' id='par_1_3' title="bbox 206 955 1401 3445">
     <span class='ocr_line' id='line_1_4' title="bbox 312 955 1341 1038; baseline 0.001 -16"><span class='ocrx_word' id='word_1_26' title='bbox 312 956 434 1023; x_wconf 89' lang='lat' dir='ltr'><strong>Videsis</strong></span> <span class='ocrx_word' id='word_1_27' title='bbox 467 955 657 1023; x_wconf 85' lang='lat' dir='ltr'><strong>ordinem</strong></span> <span class='ocrx_word' id='word_1_28' title='bbox 690 957 865 1023; x_wconf 90' lang='lat' dir='ltr'><strong>eundem</strong></span> <span class='ocrx_word' id='word_1_29' title='bbox 895 958 935 1023; x_wconf 95' lang='lat' dir='ltr'><strong>in</strong></span> <span class='ocrx_word' id='word_1_30' title='bbox 960 959 1053 1024; x_wconf 83' lang='lat' dir='ltr'><strong>Aet</strong></span> <span class='ocrx_word' id='word_1_31' title='bbox 1080 957 1227 1038; x_wconf 75' lang='lat' dir='ltr'><strong>inB1).</strong></span> <span class='ocrx_word' id='word_1_32' title='bbox 1274 957 1341 1023; x_wconf 89' lang='lat' dir='ltr'><strong>Mi-</strong></span> 
     </span>
     <span class='ocr_line' id='line_1_5' title="bbox 208 1057 1341 1160; baseline 0 -20"><span class='ocrx_word' id='word_1_33' title='bbox 208 1095 278 1141; x_wconf 86' lang='lat' dir='ltr'><strong>rum</strong></span> <span class='ocrx_word' id='word_1_34' title='bbox 300 1076 453 1142; x_wconf 93' lang='lat' dir='ltr'><strong>librorum</strong></span> <span class='ocrx_word' id='word_1_35' title='bbox 477 1057 679 1143; x_wconf 90' lang='lat' dir='ltr'><strong>consensum!</strong></span> <span class='ocrx_word' id='word_1_36' title='bbox 724 1075 877 1158; x_wconf 83' lang='lat' dir='ltr'><strong>Quicum</strong></span> <span class='ocrx_word' id='word_1_37' title='bbox 900 1097 973 1144; x_wconf 87' lang='lat' dir='ltr'><strong>casu</strong></span> <span class='ocrx_word' id='word_1_38' title='bbox 995 1077 1129 1160; x_wconf 90' lang='lat' dir='ltr'><strong>quodem</strong></span> <span class='ocrx_word' id='word_1_39' title='bbox 1155 1077 1246 1142; x_wconf 85' lang='lat' dir='ltr'><strong>natus</strong></span> <span class='ocrx_word' id='word_1_40' title='bbox 1268 1093 1341 1142; x_wconf 87' lang='lat' dir='ltr'><strong>csse</strong></span> 
     </span>
     <span class='ocr_line' id='line_1_6' title="bbox 209 1197 1338 1284; baseline 0 -22"><span class='ocrx_word' id='word_1_41' title='bbox 209 1216 269 1263; x_wconf 94' lang='lat' dir='ltr'><strong>non</strong></span> <span class='ocrx_word' id='word_1_42' title='bbox 293 1198 402 1281; x_wconf 88' lang='lat' dir='ltr'><strong>possit,</strong></span> <span class='ocrx_word' id='word_1_43' title='bbox 435 1197 587 1264; x_wconf 76' lang='lat' dir='ltr'><strong>evincitur</strong></span> <span class='ocrx_word' id='word_1_44' title='bbox 608 1199 640 1264; x_wconf 93' lang='lat' dir='ltr'><strong>in</strong></span> <span class='ocrx_word' id='word_1_45' title='bbox 663 1200 830 1284; x_wconf 85' lang='lat' dir='ltr'><strong>archetypo</strong></span> <span class='ocrx_word' id='word_1_46' title='bbox 853 1199 940 1265; x_wconf 90' lang='lat' dir='ltr'><strong>codd.</strong></span> <span class='ocrx_word' id='word_1_47' title='bbox 964 1201 997 1262; x_wconf 85' lang='lat' dir='ltr'><strong>A·</strong></span> <span class='ocrx_word' id='word_1_48' title='bbox 1015 1200 1047 1264; x_wconf 92' lang='lat' dir='ltr'><strong>et</strong></span> <span class='ocrx_word' id='word_1_49' title='bbox 1069 1198 1095 1263; x_wconf 92' lang='lat' dir='ltr'>B</span> <span class='ocrx_word' id='word_1_50' title='bbox 1120 1197 1250 1264; x_wconf 84' lang='lat' dir='ltr'><strong>eandem</strong></span> <span class='ocrx_word' id='word_1_51' title='bbox 1271 1198 1338 1263; x_wconf 87' lang='lat' dir='ltr'><strong>fere</strong></span> 
     </span>
     <span class='ocr_line' id='line_1_7' title="bbox 208 1315 1335 1401; baseline 0.002 -21"><span class='ocrx_word' id='word_1_52' title='bbox 208 1315 305 1382; x_wconf 84' lang='lat' dir='ltr'><strong>luisse</strong></span> <span class='ocrx_word' id='word_1_53' title='bbox 325 1315 476 1382; x_wconf 88' lang='lat' dir='ltr'><strong>rationem</strong></span> <span class='ocrx_word' id='word_1_54' title='bbox 499 1315 705 1401; x_wconf 86' lang='lat' dir='ltr'><strong>superlatiuos</strong></span> <span class='ocrx_word' id='word_1_55' title='bbox 728 1316 894 1383; x_wconf 85' lang='lat' dir='ltr'><strong>scribendi.</strong></span> <span class='ocrx_word' id='word_1_56' title='bbox 938 1317 1001 1383; x_wconf 81' lang='lat' dir='ltr'><strong>Fac</strong></span> <span class='ocrx_word' id='word_1_57' title='bbox 1015 1317 1048 1382; x_wconf 93' lang='lat' dir='ltr'><strong>in</strong></span> <span class='ocrx_word' id='word_1_58' title='bbox 1064 1317 1214 1382; x_wconf 89' lang='lat' dir='ltr'><strong>librorum</strong></span> <span class='ocrx_word' id='word_1_59' title='bbox 1228 1317 1335 1383; x_wconf 85' lang='lat' dir='ltr'><strong>arche·</strong></span> 
     </span>
     <span class='ocr_line' id='line_1_8' title="bbox 208 1434 1338 1520; baseline 0.001 -21"><span class='ocrx_word' id='word_1_60' title='bbox 208 1436 283 1519; x_wconf 81' lang='lat' dir='ltr'><strong>typo</strong></span> <span class='ocrx_word' id='word_1_61' title='bbox 319 1434 477 1519; x_wconf 88' lang='lat' dir='ltr'><strong>ubique</strong></span> <span class='ocrx_word' id='word_1_62' title='bbox 514 1455 621 1503; x_wconf 91' lang='lat' dir='ltr'><strong>-umus</strong></span> <span class='ocrx_word' id='word_1_63' title='bbox 659 1436 816 1515; x_wconf 86' lang='lat' dir='ltr'><strong>ext&#39;tisse,</strong></span> <span class='ocrx_word' id='word_1_64' title='bbox 852 1435 1033 1502; x_wconf 82' lang='lat' dir='ltr'><strong>incredibile</strong></span> <span class='ocrx_word' id='word_1_65' title='bbox 1070 1437 1137 1512; x_wconf 88' lang='lat' dir='ltr'><strong>est,</strong></span> <span class='ocrx_word' id='word_1_66' title='bbox 1169 1454 1229 1520; x_wconf 92' lang='lat' dir='ltr'><strong>quo</strong></span> <span class='ocrx_word' id='word_1_67' title='bbox 1261 1454 1338 1502; x_wconf 88' lang='lat' dir='ltr'><strong>oesu</strong></span> 
     </span>
     <span class='ocr_line' id='line_1_9' title="bbox 208 1554 1339 1640; baseline 0.004 -22"><span class='ocrx_word' id='word_1_68' title='bbox 208 1554 327 1621; x_wconf 85' lang='lat' dir='ltr'><strong>fectum</strong></span> <span class='ocrx_word' id='word_1_69' title='bbox 358 1555 409 1634; x_wconf 89' lang='lat' dir='ltr'><strong>sit,</strong></span> <span class='ocrx_word' id='word_1_70' title='bbox 439 1557 476 1620; x_wconf 91' lang='lat' dir='ltr'><strong>nt</strong></span> <span class='ocrx_word' id='word_1_71' title='bbox 506 1556 538 1621; x_wconf 90' lang='lat' dir='ltr'><strong>et</strong></span> <span class='ocrx_word' id='word_1_72' title='bbox 568 1556 620 1639; x_wconf 89' lang='lat' dir='ltr'><strong>qui</strong></span> <span class='ocrx_word' id='word_1_73' title='bbox 651 1555 766 1621; x_wconf 89' lang='lat' dir='ltr'><strong>librum</strong></span> <span class='ocrx_word' id='word_1_74' title='bbox 798 1557 1038 1623; x_wconf 81' lang='lat' dir='ltr'><strong>Ambrosianum</strong></span> <span class='ocrx_word' id='word_1_75' title='bbox 1071 1556 1273 1640; x_wconf 79' lang='lat' dir='ltr'><strong>componebat</strong></span> <span class='ocrx_word' id='word_1_76' title='bbox 1303 1557 1339 1622; x_wconf 89' lang='lat' dir='ltr'><strong>et</strong></span> 
     </span>
     <span class='ocr_line' id='line_1_10' title="bbox 209 1676 1335 1763; baseline 0.004 -24"><span class='ocrx_word' id='word_1_77' title='bbox 209 1676 262 1758; x_wconf 90' lang='lat' dir='ltr'><strong>qui</strong></span> <span class='ocrx_word' id='word_1_78' title='bbox 287 1676 481 1756; x_wconf 86' lang='lat' dir='ltr'><strong>„Veterem“,</strong></span> <span class='ocrx_word' id='word_1_79' title='bbox 516 1696 571 1742; x_wconf 92' lang='lat' dir='ltr'><strong>suo</strong></span> <span class='ocrx_word' id='word_1_80' title='bbox 596 1679 724 1761; x_wconf 88' lang='lat' dir='ltr'><strong>uterque</strong></span> <span class='ocrx_word' id='word_1_81' title='bbox 747 1677 875 1744; x_wconf 89' lang='lat' dir='ltr'><strong>arbitrio</strong></span> <span class='ocrx_word' id='word_1_82' title='bbox 905 1679 936 1744; x_wconf 91' lang='lat' dir='ltr'><strong>in</strong></span> <span class='ocrx_word' id='word_1_83' title='bbox 960 1679 1146 1762; x_wconf 83' lang='lat' dir='ltr'><strong>superlativo</strong></span> <span class='ocrx_word' id='word_1_84' title='bbox 1178 1728 1196 1759; x_wconf 88' lang='lat'><em>„</em></span> <span class='ocrx_word' id='word_1_85' title='bbox 1209 1681 1335 1763; x_wconf 87' lang='lat' dir='ltr'><strong>optu-</strong></span> 
     </span>
     <span class='ocr_line' id='line_1_11' title="bbox 208 1799 1335 1883; baseline 0.001 -21"><span class='ocrx_word' id='word_1_86' title='bbox 208 1801 325 1862; x_wconf 84' lang='lat' dir='ltr'><strong>mus“</strong></span> <span class='ocrx_word' id='word_1_87' title='bbox 360 1801 418 1876; x_wconf 87' lang='lat' dir='ltr'><strong>„u“</strong></span> <span class='ocrx_word' id='word_1_88' title='bbox 453 1799 598 1877; x_wconf 86' lang='lat' dir='ltr'><strong>servaret,</strong></span> <span class='ocrx_word' id='word_1_89' title='bbox 630 1800 660 1863; x_wconf 92' lang='lat' dir='ltr'><strong>in</strong></span> <span class='ocrx_word' id='word_1_90' title='bbox 696 1799 964 1877; x_wconf 85' lang='lat' dir='ltr'><strong>‚‚minnmus“</strong></span> <span class='ocrx_word' id='word_1_91' title='bbox 998 1800 1060 1865; x_wconf 88' lang='lat' dir='ltr'><strong>fere</strong></span> <span class='ocrx_word' id='word_1_92' title='bbox 1083 1819 1204 1883; x_wconf 89' lang='lat' dir='ltr'><strong>semper</strong></span> <span class='ocrx_word' id='word_1_93' title='bbox 1225 1801 1257 1864; x_wconf 92' lang='lat' dir='ltr'><strong>in</strong></span> <span class='ocrx_word' id='word_1_94' title='bbox 1281 1801 1335 1880; x_wconf 67' lang='lat' dir='ltr'><strong>,i‘</strong></span> 
     </span>
     <span class='ocr_line' id='line_1_12' title="bbox 209 1915 1336 2004; baseline 0.004 -24"><span class='ocrx_word' id='word_1_95' title='bbox 209 1915 354 1982; x_wconf 85' lang='lat' dir='ltr'><strong>mutaret.</strong></span> <span class='ocrx_word' id='word_1_96' title='bbox 399 1916 507 2000; x_wconf 83' lang='lat' dir='ltr'><strong>ltaque</strong></span> <span class='ocrx_word' id='word_1_97' title='bbox 528 1918 729 1984; x_wconf 88' lang='lat' dir='ltr'><strong>manifestum</strong></span> <span class='ocrx_word' id='word_1_98' title='bbox 753 1920 800 1984; x_wconf 92' lang='lat' dir='ltr'><strong>est</strong></span> <span class='ocrx_word' id='word_1_99' title='bbox 822 1919 956 2002; x_wconf 89' lang='lat' dir='ltr'><strong>primum</strong></span> <span class='ocrx_word' id='word_1_100' title='bbox 979 1919 1010 1985; x_wconf 92' lang='lat' dir='ltr'><strong>in</strong></span> <span class='ocrx_word' id='word_1_101' title='bbox 1034 1919 1212 2004; x_wconf 79' lang='lat' dir='ltr'><strong>archetypo,</strong></span> <span class='ocrx_word' id='word_1_102' title='bbox 1243 1937 1336 2003; x_wconf 89' lang='lat' dir='ltr'><strong>quem</strong></span> 
     </span>
     <span class='ocr_line' id='line_1_13' title="bbox 209 2037 1337 2121; baseline 0.001 -19"><span class='ocrx_word' id='word_1_103' title='bbox 209 2037 298 2103; x_wconf 85' lang='lat' dir='ltr'><strong>elteri</strong></span> <span class='ocrx_word' id='word_1_104' title='bbox 338 2037 401 2102; x_wconf 89' lang='lat' dir='ltr'><strong>fore</strong></span> <span class='ocrx_word' id='word_1_105' title='bbox 442 2038 565 2103; x_wconf 85' lang='lat' dir='ltr'><strong>saeculo</strong></span> <span class='ocrx_word' id='word_1_106' title='bbox 605 2037 701 2104; x_wconf 92' lang='lat' dir='ltr'><strong>tribui</strong></span> <span class='ocrx_word' id='word_1_107' title='bbox 740 2037 833 2116; x_wconf 86' lang='lat' dir='ltr'><strong>lieet,</strong></span> <span class='ocrx_word' id='word_1_108' title='bbox 876 2040 1032 2121; x_wconf 86' lang='lat' dir='ltr'><strong>permulta</strong></span> <span class='ocrx_word' id='word_1_109' title='bbox 1069 2039 1204 2105; x_wconf 82' lang='lat' dir='ltr'><strong>eliber</strong></span> <span class='ocrx_word' id='word_1_110' title='bbox 1238 2039 1337 2105; x_wconf 89' lang='lat' dir='ltr'><strong>inisse</strong></span> 
     </span>
     <span class='ocr_line' id='line_1_14' title="bbox 208 2157 1336 2240; baseline 0.001 -19"><span class='ocrx_word' id='word_1_111' title='bbox 208 2157 323 2239; x_wconf 85' lang='lat' dir='ltr'><strong>scripte</strong></span> <span class='ocrx_word' id='word_1_112' title='bbox 353 2158 444 2239; x_wconf 84' lang='lat' dir='ltr'><strong>atque</strong></span> <span class='ocrx_word' id='word_1_113' title='bbox 476 2158 507 2222; x_wconf 91' lang='lat' dir='ltr'><strong>in</strong></span> <span class='ocrx_word' id='word_1_114' title='bbox 531 2157 560 2221; x_wconf 84' lang='grc' dir='ltr'><strong>Α</strong></span> <span class='ocrx_word' id='word_1_115' title='bbox 583 2157 632 2224; x_wconf 84' lang='lat' dir='ltr'><strong>vel</strong></span> <span class='ocrx_word' id='word_1_116' title='bbox 654 2157 690 2238; x_wconf 90' lang='lat' dir='ltr'><strong>B,</strong></span> <span class='ocrx_word' id='word_1_117' title='bbox 724 2159 790 2223; x_wconf 91' lang='lat' dir='ltr'><strong>tum</strong></span> <span class='ocrx_word' id='word_1_118' title='bbox 821 2174 892 2223; x_wconf 86' lang='lat' dir='ltr'><strong>vero</strong></span> <span class='ocrx_word' id='word_1_119' title='bbox 923 2158 1127 2240; x_wconf 87' lang='lat' dir='ltr'><strong>superlativos</strong></span> <span class='ocrx_word' id='word_1_120' title='bbox 1158 2157 1336 2240; x_wconf 84' lang='lat' dir='ltr'><strong>saepius</strong></span> 
     </span>
     <span class='ocr_line' id='line_1_15' title="bbox 208 2278 1337 2364; baseline -0.002 -20"><span class='ocrx_word' id='word_1_121' title='bbox 208 2283 268 2358; x_wconf 83' lang='lat' dir='ltr'><strong>„u“</strong></span> <span class='ocrx_word' id='word_1_122' title='bbox 302 2278 459 2345; x_wconf 85' lang='lat' dir='ltr'><strong>littere</strong></span> <span class='ocrx_word' id='word_1_123' title='bbox 490 2279 620 2364; x_wconf 90' lang='lat' dir='ltr'><strong>scriptos</strong></span> <span class='ocrx_word' id='word_1_124' title='bbox 653 2298 747 2362; x_wconf 84' lang='lat' dir='ltr'><strong>quam</strong></span> <span class='ocrx_word' id='word_1_125' title='bbox 773 2280 803 2344; x_wconf 92' lang='lat' dir='ltr'><strong>in</strong></span> <span class='ocrx_word' id='word_1_126' title='bbox 828 2279 939 2344; x_wconf 90' lang='lat' dir='ltr'><strong>nostris</strong></span> <span class='ocrx_word' id='word_1_127' title='bbox 962 2279 1059 2360; x_wconf 91' lang='lat' dir='ltr'><strong>libris,</strong></span> <span class='ocrx_word' id='word_1_128' title='bbox 1094 2279 1225 2362; x_wconf 89' lang='lat' dir='ltr'><strong>denique</strong></span> <span class='ocrx_word' id='word_1_129' title='bbox 1256 2297 1337 2345; x_wconf 91' lang='lat' dir='ltr'><strong>non</strong></span> 
     </span>
     <span class='ocr_line' id='line_1_16' title="bbox 208 2399 1337 2484; baseline 0.002 -20"><span class='ocrx_word' id='word_1_130' title='bbox 208 2418 373 2484; x_wconf 90' lang='lat' dir='ltr'><strong>semper</strong></span> <span class='ocrx_word' id='word_1_131' title='bbox 400 2417 452 2465; x_wconf 92' lang='lat' dir='ltr'><strong>eos</strong></span> <span class='ocrx_word' id='word_1_132' title='bbox 475 2405 536 2480; x_wconf 82' lang='lat' dir='ltr'><strong>„n“</strong></span> <span class='ocrx_word' id='word_1_133' title='bbox 560 2399 665 2466; x_wconf 88' lang='lat' dir='ltr'><strong>littera</strong></span> <span class='ocrx_word' id='word_1_134' title='bbox 688 2400 819 2483; x_wconf 89' lang='lat' dir='ltr'><strong>scriptos</strong></span> <span class='ocrx_word' id='word_1_135' title='bbox 840 2399 946 2481; x_wconf 90' lang='lat' dir='ltr'><strong>fuisse,</strong></span> <span class='ocrx_word' id='word_1_136' title='bbox 970 2419 997 2465; x_wconf 86' lang='lat' dir='ltr'><strong>a.</strong></span> <span class='ocrx_word' id='word_1_137' title='bbox 1020 2420 1051 2483; x_wconf 87' lang='lat' dir='ltr'><strong>g.</strong></span> <span class='ocrx_word' id='word_1_138' title='bbox 1074 2401 1139 2466; x_wconf 87' lang='lat' dir='ltr'><strong>veri</strong></span> <span class='ocrx_word' id='word_1_139' title='bbox 1162 2401 1209 2466; x_wconf 90' lang='lat' dir='ltr'><strong>est</strong></span> <span class='ocrx_word' id='word_1_140' title='bbox 1231 2400 1337 2466; x_wconf 88' lang='lat' dir='ltr'><strong>similo</strong></span> 
     </span>
     <span class='ocr_line' id='line_1_17' title="bbox 207 2519 1336 2604; baseline 0.001 -19"><span class='ocrx_word' id='word_1_141' title='bbox 207 2519 238 2585; x_wconf 92' lang='lat' dir='ltr'><strong>in</strong></span> <span class='ocrx_word' id='word_1_142' title='bbox 262 2519 428 2604; x_wconf 86' lang='lat' dir='ltr'><strong>archetypo</strong></span> <span class='ocrx_word' id='word_1_143' title='bbox 451 2521 532 2586; x_wconf 91' lang='lat' dir='ltr'><strong>inter</strong></span> <span class='ocrx_word' id='word_1_144' title='bbox 556 2519 619 2585; x_wconf 87' lang='grc'><strong>100</strong></span> <span class='ocrx_word' id='word_1_145' title='bbox 641 2521 822 2604; x_wconf 85' lang='lat' dir='ltr'><strong>superlativi</strong></span> <span class='ocrx_word' id='word_1_146' title='bbox 855 2571 872 2600; x_wconf 89' lang='lat'><em>„</em></span> <span class='ocrx_word' id='word_1_147' title='bbox 886 2521 1100 2604; x_wconf 80' lang='lat' dir='ltr'><strong>optimus“</strong></span> <span class='ocrx_word' id='word_1_148' title='bbox 1137 2521 1250 2587; x_wconf 87' lang='lat' dir='ltr'><strong>formes</strong></span> <span class='ocrx_word' id='word_1_149' title='bbox 1273 2539 1336 2587; x_wconf 90' lang='lat' dir='ltr'><strong>non</strong></span> 
     </span>
     <span class='ocr_line' id='line_1_18' title="bbox 207 2639 1333 2723; baseline 0.003 -20"><span class='ocrx_word' id='word_1_150' title='bbox 207 2639 249 2703; x_wconf 86' lang='grc'>74</span> <span class='ocrx_word' id='word_1_151' title='bbox 273 2641 321 2716; x_wconf 90' lang='lat' dir='ltr'><strong>(nt</strong></span> <span class='ocrx_word' id='word_1_152' title='bbox 343 2641 376 2704; x_wconf 93' lang='lat' dir='ltr'><strong>in</strong></span> <span class='ocrx_word' id='word_1_153' title='bbox 399 2641 451 2722; x_wconf 83' lang='lat' dir='ltr'><strong>h),</strong></span> <span class='ocrx_word' id='word_1_154' title='bbox 484 2641 537 2706; x_wconf 90' lang='lat' dir='ltr'><strong>sed</strong></span> <span class='ocrx_word' id='word_1_155' title='bbox 559 2640 663 2723; x_wconf 92' lang='lat' dir='ltr'><strong>plures</strong></span> <span class='ocrx_word' id='word_1_156' title='bbox 686 2641 719 2706; x_wconf 93' lang='lat' dir='ltr'><strong>in</strong></span> <span class='ocrx_word' id='word_1_157' title='bbox 742 2660 850 2706; x_wconf 91' lang='lat' dir='ltr'><strong>-umus</strong></span> <span class='ocrx_word' id='word_1_158' title='bbox 872 2642 980 2720; x_wconf 80' lang='lat' dir='ltr'><strong>exisse,</strong></span> <span class='ocrx_word' id='word_1_159' title='bbox 1013 2643 1046 2707; x_wconf 90' lang='lat' dir='ltr'><strong>at</strong></span> <span class='ocrx_word' id='word_1_160' title='bbox 1074 2659 1145 2706; x_wconf 87' lang='lat' dir='ltr'><strong>vero</strong></span> <span class='ocrx_word' id='word_1_161' title='bbox 1179 2641 1333 2719; x_wconf 87' lang='lat' dir='ltr'><strong>,mini-</strong></span> 
     </span>
     <span class='ocr_line' id='line_1_19' title="bbox 207 2749 1385 2850; baseline -0.003 -24"><span class='ocrx_word' id='word_1_162' title='bbox 207 2777 293 2826; x_wconf 89' lang='lat' dir='ltr'><strong>mus</strong></span> <span class='ocrx_word' id='word_1_163' title='bbox 307 2765 322 2794; x_wconf 78' lang='lat'><strong>‘⁴</strong></span> <span class='ocrx_word' id='word_1_164' title='bbox 354 2778 391 2825; x_wconf 92' lang='lat' dir='ltr'><strong>ne</strong></span> <span class='ocrx_word' id='word_1_165' title='bbox 414 2760 539 2826; x_wconf 86' lang='lat' dir='ltr'><strong>saeculo</strong></span> <span class='ocrx_word' id='word_1_166' title='bbox 563 2749 688 2842; x_wconf 70' lang='lat' dir='ltr'><strong>quidem</strong></span> <span class='ocrx_word' id='word_1_167' title='bbox 711 2761 809 2825; x_wconf 88' lang='lat' dir='ltr'><strong>altero</strong></span> <span class='ocrx_word' id='word_1_168' title='bbox 834 2764 1032 2850; x_wconf 83' lang='lat' dir='ltr'><strong>,minumus“</strong></span> <span class='ocrx_word' id='word_1_169' title='bbox 1055 2761 1150 2826; x_wconf 82' lang='lat' dir='ltr'><strong>fuisse</strong></span> <span class='ocrx_word' id='word_1_170' title='bbox 1173 2762 1204 2827; x_wconf 92' lang='lat' dir='ltr'><strong>in</strong></span> <span class='ocrx_word' id='word_1_171' title='bbox 1227 2761 1334 2827; x_wconf 88' lang='lat' dir='ltr'><strong>Plauti</strong></span> <span class='ocrx_word' id='word_1_172' title='bbox 1372 2809 1385 2822; x_wconf 87' lang='lat'>.</span> 
     </span>
     <span class='ocr_line' id='line_1_20' title="bbox 207 2879 1337 2965; baseline 0.003 -22"><span class='ocrx_word' id='word_1_173' title='bbox 207 2879 332 2946; x_wconf 85' lang='lat' dir='ltr'><strong>fabulis.</strong></span> <span class='ocrx_word' id='word_1_174' title='bbox 377 2881 486 2964; x_wconf 86' lang='lat' dir='ltr'><strong>ltaque</strong></span> <span class='ocrx_word' id='word_1_175' title='bbox 509 2899 580 2945; x_wconf 91' lang='lat' dir='ltr'><strong>cum</strong></span> <span class='ocrx_word' id='word_1_176' title='bbox 603 2880 690 2946; x_wconf 90' lang='lat' dir='ltr'><strong>nobis</strong></span> <span class='ocrx_word' id='word_1_177' title='bbox 722 2880 897 2965; x_wconf 83' lang='lat' dir='ltr'><strong>contigerit,</strong></span> <span class='ocrx_word' id='word_1_178' title='bbox 930 2884 965 2948; x_wconf 91' lang='lat' dir='ltr'><strong>ut</strong></span> <span class='ocrx_word' id='word_1_179' title='bbox 996 2882 1034 2947; x_wconf 87' lang='lat' dir='ltr'><strong>ad</strong></span> <span class='ocrx_word' id='word_1_180' title='bbox 1065 2883 1221 2964; x_wconf 85' lang='lat' dir='ltr'><strong>qnondam</strong></span> <span class='ocrx_word' id='word_1_181' title='bbox 1252 2883 1337 2947; x_wconf 91' lang='lat' dir='ltr'><strong>veri·</strong></span> 
     </span>
     <span class='ocr_line' id='line_1_21' title="bbox 209 3000 1333 3086; baseline 0 -20"><span class='ocrx_word' id='word_1_182' title='bbox 209 3001 445 3069; x_wconf 89' lang='lat' dir='ltr'><strong>similitudinem</strong></span> <span class='ocrx_word' id='word_1_183' title='bbox 469 3000 542 3067; x_wconf 91' lang='lat' dir='ltr'><strong>libri</strong></span> <span class='ocrx_word' id='word_1_184' title='bbox 570 3001 729 3086; x_wconf 82' lang='lat' dir='ltr'><strong>archetypi</strong></span> <span class='ocrx_word' id='word_1_185' title='bbox 751 3000 903 3067; x_wconf 87' lang='lat' dir='ltr'><strong>rationem</strong></span> <span class='ocrx_word' id='word_1_186' title='bbox 925 3002 1196 3086; x_wconf 83' lang='lat' dir='ltr'><strong>orthographicam</strong></span> <span class='ocrx_word' id='word_1_187' title='bbox 1223 3001 1333 3066; x_wconf 89' lang='lat' dir='ltr'><strong>adum-</strong></span> 
     </span>
     <span class='ocr_line' id='line_1_22' title="bbox 206 3121 1336 3206; baseline 0 -19"><span class='ocrx_word' id='word_1_188' title='bbox 206 3122 340 3202; x_wconf 91' lang='lat' dir='ltr'><strong>bremus,</strong></span> <span class='ocrx_word' id='word_1_189' title='bbox 366 3122 415 3187; x_wconf 92' lang='lat' dir='ltr'><strong>hio</strong></span> <span class='ocrx_word' id='word_1_190' title='bbox 431 3121 510 3188; x_wconf 93' lang='lat' dir='ltr'><strong>liber</strong></span> <span class='ocrx_word' id='word_1_191' title='bbox 532 3125 635 3188; x_wconf 91' lang='lat' dir='ltr'><strong>utrum</strong></span> <span class='ocrx_word' id='word_1_192' title='bbox 659 3123 885 3206; x_wconf 86' lang='lat' dir='ltr'><strong>genuinam</strong></span> <span class='ocrx_word' id='word_1_193' title='bbox 908 3121 1058 3188; x_wconf 91' lang='lat' dir='ltr'><strong>Plauti</strong></span> <span class='ocrx_word' id='word_1_194' title='bbox 1081 3121 1336 3205; x_wconf 83' lang='lat' dir='ltr'><strong>orthographiam</strong></span> 
     </span>
     <span class='ocr_line' id='line_1_23' title="bbox 208 3221 1401 3326; baseline -0.003 -17"><span class='ocrx_word' id='word_1_195' title='bbox 208 3244 376 3310; x_wconf 86' lang='lat' dir='ltr'><strong>servaverit</strong></span> <span class='ocrx_word' id='word_1_196' title='bbox 398 3261 501 3323; x_wconf 90' lang='lat' dir='ltr'><strong>neone,</strong></span> <span class='ocrx_word' id='word_1_197' title='bbox 531 3241 739 3326; x_wconf 87' lang='lat' dir='ltr'><strong>quaerendum</strong></span> <span class='ocrx_word' id='word_1_198' title='bbox 762 3244 819 3308; x_wconf 88' lang='lat' dir='ltr'><strong>est.</strong></span> <span class='ocrx_word' id='word_1_199' title='bbox 864 3240 932 3323; x_wconf 82' lang='lat' dir='ltr'><strong>Qua</strong></span> <span class='ocrx_word' id='word_1_200' title='bbox 954 3242 991 3307; x_wconf 92' lang='lat' dir='ltr'><strong>de</strong></span> <span class='ocrx_word' id='word_1_201' title='bbox 1013 3261 1047 3307; x_wconf 90' lang='lat' dir='ltr'><strong>re</strong></span> <span class='ocrx_word' id='word_1_202' title='bbox 1070 3243 1151 3309; x_wconf 83' lang='lat' dir='ltr'><strong>infra</strong></span> <span class='ocrx_word' id='word_1_203' title='bbox 1173 3242 1337 3309; x_wconf 85' lang='lat' dir='ltr'><strong>locuturus</strong></span> <span class='ocrx_word' id='word_1_204' title='bbox 1397 3221 1401 3226; x_wconf 40' lang='lat'>⁵</span> 
     </span>
     <span class='ocr_line' id='line_1_24' title="bbox 208 3361 717 3445; baseline 0.006 -21"><span class='ocrx_word' id='word_1_205' title='bbox 208 3379 289 3426; x_wconf 93' lang='lat' dir='ltr'><strong>nuno</strong></span> <span class='ocrx_word' id='word_1_206' title='bbox 313 3362 352 3428; x_wconf 90' lang='lat' dir='ltr'><strong>ad</strong></span> <span class='ocrx_word' id='word_1_207' title='bbox 375 3361 555 3429; x_wconf 79' lang='lat' dir='ltr'><strong>Terentium</strong></span> <span class='ocrx_word' id='word_1_208' title='bbox 578 3380 717 3445; x_wconf 89' lang='lat' dir='ltr'><strong>propero.</strong></span> 
     </span>
    </p>
   </div>
   <div class='ocr_carea' id='block_1_4' title="bbox 213 3569 468 3579">
    <p class='ocr_par' dir='ltr' id='par_1_4' title="bbox 213 3569 468 3579">
     <span class='ocr_line' id='line_1_25' title="bbox 213 3569 468 3579; baseline 0 0"><span class='ocrx_word' id='word_1_209' title='bbox 213 3569 468 3579; x_wconf 77' lang='lat'>————————-—</span> 
     </span>
    </p>
   </div>
   <div class='ocr_carea' id='block_1_5' title="bbox 206 3705 1334 4034">
    <p class='ocr_par' dir='ltr' id='par_1_5' title="bbox 206 3705 1334 4034">
     <span class='ocr_line' id='line_1_26' title="bbox 310 3705 1334 3775; baseline -0.001 -14"><span class='ocrx_word' id='word_1_210' title='bbox 310 3707 338 3775; x_wconf 85' lang='lat'><strong>1)</strong></span> <span class='ocrx_word' id='word_1_211' title='bbox 365 3706 395 3760; x_wconf 92' lang='lat' dir='ltr'><strong>ln</strong></span> <span class='ocrx_word' id='word_1_212' title='bbox 419 3707 563 3762; x_wconf 86' lang='lat' dir='ltr'><strong>codicibus</strong></span> <span class='ocrx_word' id='word_1_213' title='bbox 591 3705 701 3761; x_wconf 81' lang='lat' dir='ltr'><strong>OetD</strong></span> <span class='ocrx_word' id='word_1_214' title='bbox 728 3705 918 3774; x_wconf 83' lang='lat' dir='ltr'><strong>superlativus</strong></span> <span class='ocrx_word' id='word_1_215' title='bbox 946 3705 1046 3760; x_wconf 84' lang='lat' dir='ltr'><strong>eodem</strong></span> <span class='ocrx_word' id='word_1_216' title='bbox 1073 3706 1173 3761; x_wconf 89' lang='lat' dir='ltr'><strong>ordine</strong></span> <span class='ocrx_word' id='word_1_217' title='bbox 1201 3706 1334 3773; x_wconf 81' lang='lat' dir='ltr'><strong>componi</strong></span> 
     </span>
     <span class='ocr_line' id='line_1_27' title="bbox 206 3790 1332 3862; baseline -0.004 -13"><span class='ocrx_word' id='word_1_218' title='bbox 206 3794 287 3850; x_wconf 88' lang='lat' dir='ltr'><strong>licuit</strong></span> <span class='ocrx_word' id='word_1_219' title='bbox 305 3795 340 3860; x_wconf 87' lang='lat'><strong>(1.</strong></span> <span class='ocrx_word' id='word_1_220' title='bbox 360 3794 492 3861; x_wconf 87' lang='lat' dir='ltr'><strong>optimus,</strong></span> <span class='ocrx_word' id='word_1_221' title='bbox 511 3795 535 3848; x_wconf 82' lang='lat'><strong>2.</strong></span> <span class='ocrx_word' id='word_1_222' title='bbox 554 3794 711 3862; x_wconf 87' lang='lat' dir='ltr'><strong>proxlmus,</strong></span> <span class='ocrx_word' id='word_1_223' title='bbox 729 3793 754 3847; x_wconf 84' lang='lat'><strong>3.</strong></span> <span class='ocrx_word' id='word_1_224' title='bbox 774 3793 926 3857; x_wconf 81' lang='lat' dir='ltr'><strong>maximus,</strong></span> <span class='ocrx_word' id='word_1_225' title='bbox 944 3793 968 3847; x_wconf 88' lang='grc'><strong>4.</strong></span> <span class='ocrx_word' id='word_1_226' title='bbox 987 3793 1121 3857; x_wconf 76' lang='lat' dir='ltr'><strong>issimus,</strong></span> <span class='ocrx_word' id='word_1_227' title='bbox 1139 3793 1163 3848; x_wconf 83' lang='lat'><strong>5.</strong></span> <span class='ocrx_word' id='word_1_228' title='bbox 1178 3790 1332 3859; x_wconf 84' lang='lat' dir='ltr'><strong>minimus),</strong></span> 
     </span>
     <span class='ocr_line' id='line_1_28' title="bbox 207 3878 1334 3947; baseline -0.003 -11"><span class='ocrx_word' id='word_1_229' title='bbox 207 3895 271 3936; x_wconf 92' lang='lat' dir='ltr'><strong>cum</strong></span> <span class='ocrx_word' id='word_1_230' title='bbox 290 3880 312 3934; x_wconf 85' lang='lat' dir='ltr'><strong>ll</strong></span> <span class='ocrx_word' id='word_1_231' title='bbox 331 3880 359 3935; x_wconf 87' lang='lat' dir='ltr'><strong>et</strong></span> <span class='ocrx_word' id='word_1_232' title='bbox 377 3879 410 3945; x_wconf 90' lang='lat' dir='ltr'><strong>V,</strong></span> <span class='ocrx_word' id='word_1_233' title='bbox 435 3880 482 3947; x_wconf 90' lang='lat' dir='ltr'><strong>qui</strong></span> <span class='ocrx_word' id='word_1_234' title='bbox 502 3881 530 3933; x_wconf 86' lang='lat' dir='ltr'><strong>et</strong></span> <span class='ocrx_word' id='word_1_235' title='bbox 547 3881 576 3934; x_wconf 93' lang='lat' dir='ltr'><strong>in</strong></span> <span class='ocrx_word' id='word_1_236' title='bbox 595 3879 658 3933; x_wconf 84' lang='lat' dir='ltr'><strong>eliis</strong></span> <span class='ocrx_word' id='word_1_237' title='bbox 677 3881 762 3934; x_wconf 89' lang='lat' dir='ltr'><strong>rebus</strong></span> <span class='ocrx_word' id='word_1_238' title='bbox 781 3881 810 3933; x_wconf 92' lang='lat' dir='ltr'><strong>et</strong></span> <span class='ocrx_word' id='word_1_239' title='bbox 827 3880 857 3934; x_wconf 89' lang='lat' dir='ltr'><strong>in</strong></span> <span class='ocrx_word' id='word_1_240' title='bbox 875 3878 1101 3947; x_wconf 79' lang='lat' dir='ltr'><strong>orthographicis</strong></span> <span class='ocrx_word' id='word_1_241' title='bbox 1119 3879 1235 3934; x_wconf 87' lang='lat' dir='ltr'><strong>alterius</strong></span> <span class='ocrx_word' id='word_1_242' title='bbox 1253 3878 1334 3933; x_wconf 83' lang='lat' dir='ltr'><strong>faml-</strong></span> 
     </span>
     <span class='ocr_line' id='line_1_29' title="bbox 206 3965 924 4034; baseline -0.003 -12"><span class='ocrx_word' id='word_1_243' title='bbox 206 3969 262 4023; x_wconf 86' lang='lat' dir='ltr'><strong>liae</strong></span> <span class='ocrx_word' id='word_1_244' title='bbox 279 3968 353 4031; x_wconf 90' lang='lat' dir='ltr'><strong>sunt,</strong></span> <span class='ocrx_word' id='word_1_245' title='bbox 372 3966 427 4021; x_wconf 93' lang='lat' dir='ltr'><strong>hoc</strong></span> <span class='ocrx_word' id='word_1_246' title='bbox 445 3965 544 4022; x_wconf 87' lang='lat' dir='ltr'><strong>ordine</strong></span> <span class='ocrx_word' id='word_1_247' title='bbox 563 3965 752 4031; x_wconf 83' lang='lat' dir='ltr'><strong>superlativos</strong></span> <span class='ocrx_word' id='word_1_248' title='bbox 771 3966 924 4034; x_wconf 85' lang='lat' dir='ltr'><strong>praebeant</strong></span> 
     </span>
    </p>
   </div>
   <div class='ocr_carea' id='block_1_6' title="bbox 206 4051 1331 4224">
    <p class='ocr_par' dir='ltr' id='par_1_6' title="bbox 206 4051 1331 4224">
     <span class='ocr_line' id='line_1_30' title="bbox 206 4051 1331 4138; baseline -0.004 -14"><span class='ocrx_word' id='word_1_249' title='bbox 206 4071 245 4124; x_wconf 83' lang='lat' dir='ltr'><strong>ll:</strong></span> <span class='ocrx_word' id='word_1_250' title='bbox 274 4071 297 4124; x_wconf 94' lang='lat'><strong>1.</strong></span> <span class='ocrx_word' id='word_1_251' title='bbox 317 4051 449 4138; x_wconf 89' lang='lat' dir='ltr'><strong>optimus,</strong></span> <span class='ocrx_word' id='word_1_252' title='bbox 476 4069 500 4123; x_wconf 76' lang='grc'><strong>2.</strong></span> <span class='ocrx_word' id='word_1_253' title='bbox 519 4067 652 4131; x_wconf 81' lang='lat' dir='ltr'><strong>issimus,</strong></span> <span class='ocrx_word' id='word_1_254' title='bbox 696 4068 720 4124; x_wconf 84' lang='lat'><strong>3.</strong></span> <span class='ocrx_word' id='word_1_255' title='bbox 739 4069 896 4137; x_wconf 83' lang='lat' dir='ltr'><strong>proximus,</strong></span> <span class='ocrx_word' id='word_1_256' title='bbox 923 4069 948 4123; x_wconf 82' lang='lat'><strong>4.</strong></span> <span class='ocrx_word' id='word_1_257' title='bbox 967 4068 1118 4132; x_wconf 82' lang='lat' dir='ltr'><strong>maximus,</strong></span> <span class='ocrx_word' id='word_1_258' title='bbox 1145 4068 1169 4122; x_wconf 85' lang='lat'><strong>5.</strong></span> <span class='ocrx_word' id='word_1_259' title='bbox 1188 4069 1331 4122; x_wconf 86' lang='lat' dir='ltr'><strong>minimus.</strong></span> 
     </span>
     <span class='ocr_line' id='line_1_31' title="bbox 206 4153 1331 4224; baseline -0.004 -14"><span class='ocrx_word' id='word_1_260' title='bbox 206 4155 244 4212; x_wconf 93' lang='lat' dir='ltr'><strong>V:</strong></span> <span class='ocrx_word' id='word_1_261' title='bbox 273 4157 296 4210; x_wconf 92' lang='lat'><strong>1.</strong></span> <span class='ocrx_word' id='word_1_262' title='bbox 316 4155 447 4224; x_wconf 88' lang='lat' dir='ltr'><strong>optimus,</strong></span> <span class='ocrx_word' id='word_1_263' title='bbox 475 4156 499 4210; x_wconf 81' lang='lat'><strong>2.</strong></span> <span class='ocrx_word' id='word_1_264' title='bbox 517 4153 669 4219; x_wconf 74' lang='lat' dir='ltr'><strong>maximus</strong></span> <span class='ocrx_word' id='word_1_265' title='bbox 696 4155 720 4210; x_wconf 88' lang='lat'><strong>3.</strong></span> <span class='ocrx_word' id='word_1_266' title='bbox 740 4156 873 4219; x_wconf 91' lang='lat' dir='ltr'><strong>-issimus,</strong></span> <span class='ocrx_word' id='word_1_267' title='bbox 923 4155 947 4209; x_wconf 90' lang='lat'><strong>4.</strong></span> <span class='ocrx_word' id='word_1_268' title='bbox 966 4155 1123 4223; x_wconf 86' lang='lat' dir='ltr'><strong>proximus,</strong></span> <span class='ocrx_word' id='word_1_269' title='bbox 1145 4155 1169 4209; x_wconf 85' lang='lat'><strong>5.</strong></span> <span class='ocrx_word' id='word_1_270' title='bbox 1189 4154 1331 4208; x_wconf 87' lang='lat' dir='ltr'><strong>minimus.</strong></span> 
     </span>
    </p>
   </div>
   <div class='ocr_carea' id='block_1_7' title="bbox 206 4274 1332 4429">
    <p class='ocr_par' dir='ltr' id='par_1_7' title="bbox 206 4274 1332 4429">
     <span class='ocr_line' id='line_1_32' title="bbox 309 4274 1332 4345; baseline -0.002 -15"><span class='ocrx_word' id='word_1_271' title='bbox 309 4276 365 4330; x_wconf 79' lang='lat' dir='ltr'><strong>Sed</strong></span> <span class='ocrx_word' id='word_1_272' title='bbox 381 4290 493 4345; x_wconf 84' lang='lat' dir='ltr'><strong>sempor</strong></span> <span class='ocrx_word' id='word_1_273' title='bbox 519 4278 559 4342; x_wconf 82' lang='lat' dir='ltr'><strong>(in</strong></span> <span class='ocrx_word' id='word_1_274' title='bbox 578 4291 631 4331; x_wconf 86' lang='lat' dir='ltr'><strong>sex</strong></span> <span class='ocrx_word' id='word_1_275' title='bbox 651 4277 730 4331; x_wconf 86' lang='lat' dir='ltr'><strong>codd.</strong></span> <span class='ocrx_word' id='word_1_276' title='bbox 748 4274 904 4339; x_wconf 74' lang='lat' dir='ltr'><strong>ABODllVJ</strong></span> <span class='ocrx_word' id='word_1_277' title='bbox 934 4280 984 4340; x_wconf 82' lang='lat' dir='ltr'><strong>,u“</strong></span> <span class='ocrx_word' id='word_1_278' title='bbox 1012 4277 1138 4330; x_wconf 81' lang='lat' dir='ltr'><strong>litteram</strong></span> <span class='ocrx_word' id='word_1_279' title='bbox 1165 4274 1332 4344; x_wconf 87' lang='lat' dir='ltr'><strong>saepissime</strong></span> 
     </span>
     <span class='ocr_line' id='line_1_33' title="bbox 206 4360 1248 4429; baseline -0.003 -14"><span class='ocrx_word' id='word_1_280' title='bbox 206 4360 292 4416; x_wconf 89' lang='lat' dir='ltr'><strong>hebet</strong></span> <span class='ocrx_word' id='word_1_281' title='bbox 310 4361 443 4416; x_wconf 85' lang='lat' dir='ltr'><strong>adiectivi</strong></span> <span class='ocrx_word' id='word_1_282' title='bbox 464 4361 585 4426; x_wconf 80' lang='lat' dir='ltr'><strong>‚bonns“</strong></span> <span class='ocrx_word' id='word_1_283' title='bbox 607 4362 806 4429; x_wconf 82' lang='lat' dir='ltr'><strong>superlativus,</strong></span> <span class='ocrx_word' id='word_1_284' title='bbox 826 4361 867 4422; x_wconf 85' lang='lat' dir='ltr'><strong>,i“</strong></span> <span class='ocrx_word' id='word_1_285' title='bbox 888 4361 1054 4427; x_wconf 86' lang='lat' dir='ltr'><strong>saepissime</strong></span> <span class='ocrx_word' id='word_1_286' title='bbox 1075 4360 1248 4424; x_wconf 84' lang='lat' dir='ltr'><strong>‚minimus“.</strong></span> 
     </span>
    </p>
   </div>
   <div class='ocr_carea' id='block_1_8' title="bbox 0 0 1534 4788">
    <p class='ocr_par' dir='ltr' id='par_1_8' title="bbox 0 0 1534 4788">
     <span class='ocr_line' id='line_1_34' title="bbox 0 0 1534 4788; baseline 0 0"><span class='ocrx_word' id='word_1_287' title='bbox 0 0 1534 4788; x_wconf 95' lang='lat' dir='ltr'><strong> </strong></span> 
     </span>
    </p>
   </div>
  </div>
 </body>
</html>
