3026 4914
695 427 757 492 126

164 633 330 718 possimus,
362 651 432 698 oum
464 631 634 699 editoribus
666 631 843 698 novissimis
877 630 1019 698 omnibus
1041 631 1154 698 veteris
1177 629 1300 697 codicis

163 755 330 822 lectionem
351 753 526 838 recipimur.

227 890 336 974 †Op.
361 889 441 956 704
465 868 703 957 Vottuisti.
730 895 766 970 sst
791 888 876 971 Quor
891 910 923 956 ee
940 891 1032 957 ausus
1048 869 1173 956 mentiri
1191 889 1297 955 mihi?

270 1026 475 1107 „Votevieti“,
512 1027 593 1112 quod
624 1029 656 1094 in
679 1029 822 1095 omnibns
847 1029 1017 1111 codicibus
1050 1029 1200 1094 traditum
1232 1029 1293 1108 eet,

164 1167 271 1214 omnes
303 1149 437 1215 editores
468 1150 539 1231 poet
569 1148 702 1215 Pareum
737 1150 769 1215 in
793 1150 924 1215 formam
947 1149 1098 1215 usitatam
1122 1149 1291 1231 „vetuisti“

165 1271 371 1337 correxerunt.
414 1268 591 1336 Perfectum
613 1270 788 1336 inauditum
811 1270 873 1338 iere
896 1270 1040 1349 „vetavi“
1072 1269 1121 1334 vol
1146 1269 1293 1346 „votavi“

164 1410 223 1457 non
246 1409 352 1456 vereor
374 1391 521 1474 accipere,
553 1391 733 1473 praesertim
766 1409 837 1456 cum
860 1390 954 1455 etiem
976 1389 1097 1472 praeter
1118 1389 1201 1455 huno
1222 1407 1295 1454 ver-

165 1529 234 1576 sum
271 1511 302 1576 et
338 1509 574 1594 praecedentem
611 1509 730 1592 („Votn
761 1509 847 1575 inte“
878 1507 1011 1588 B¹EV¹‚
1048 1507 1202 1588 „Votavin
1238 1506 1291 1573 te“

163 1627 238 1707 JV²,
264 1628 416 1706 „Vetevin
438 1629 490 1693 te“
514 1629 553 1712 0)
574 1628 605 1694 in
629 1629 743 1695 litteris
766 1629 872 1694 latinis
895 1629 960 1694 eius
983 1627 1118 1712 vestigia
1140 1626 1243 1691 extent
1255 1624 1293 1709 ¹).

164 1748 279 1816 Nostro
301 1767 375 1816 sane
396 1767 487 1815 remu
510 1748 568 1814 hoc
588 1750 759 1832 perfectum
779 1750 861 1815 stare
880 1749 993 1831 potest,
1016 1767 1088 1815 nem
1110 1766 1294 1832 persuasum

165 1869 262 1935 habeo
285 1870 355 1934 ente
377 1868 476 1934 ictum
499 1868 663 1933 metricum
685 1886 744 1935 non
768 1867 868 1934 colum
890 1867 921 1932 in
945 1867 1083 1932 versibus
1116 1866 1295 1950 anapaesti-

166 1990 210 2055 eie
241 1988 378 2074 syllabae
410 1990 520 2054 nature
550 1990 659 2072 longas
691 2005 758 2054 esse
781 1988 945 2072 correptas,
978 1986 1032 2052 sed
1055 1987 1149 2052 etiam
1171 1987 1203 2050 in
1225 1987 1292 2051 tro-

166 2109 280 2176 chaicis
302 2109 491 2190 iambicisre,
514 2107 655 2193 vernon:

192 2257 194 2266 ’
231 2265 276 2332 St.
302 2263 362 2330 107
385 2244 468 2346 Quid
489 2267 570 2333 istuc
592 2266 649 2344 est,
683 2268 763 2349 quod
787 2265 867 2331 hirc
893 2263 1104 2347 exquaesitum
1126 2261 1292 2327 mulierum

1014 2387 1115 2453 mores
1136 2387 1247 2453 venie?

229 2483 1294 2574 mmmffimmmmmffl.

230 2625 316 2691 Pere.
347 2626 411 2691 645
442 2625 528 2692 Haec
559 2628 619 2694 erit
649 2629 757 2694 bono
789 2627 899 2712 genere
931 2630 1021 2693 nata:
1061 2609 1106 2692 nil
1139 2629 1198 2694 seit
1231 2629 1294 2693 nisi

1024 2748 1129 2813 verum
1152 2748 1247 2830 loqui.

230 2863 299 2930 Mil.
322 2862 387 2928 362
409 2864 484 2930 Eri
505 2865 706 2932 concubinaat
728 2865 803 2932 hato
826 2866 960 2949 quidem.
998 2874 1033 2946 iss
1070 2867 1149 2933 Mihi
1171 2868 1294 2950 quoque

935 2989 987 3072 pol
1009 2989 1055 3055 ite
1075 2986 1247 3068 videtur⁸).

230 3106 288 3190 Ep.
311 3105 374 3170 405
397 3088 667 3174 Pudicitiam
700 3109 864 3192 quiequam
898 3111 974 3174 suto
1007 3127 1129 3174 servare
1151 3087 1292 3188 fiiiee⁴).

270 3351 295 3418 1)
323 3351 397 3416 Quin
424 3350 523 3405 Persio
552 3351 630 3406 illam
656 3352 777 3407 formam
803 3353 871 3408 dare
897 3351 1088 3407 Buechelerus
1115 3365 1203 3405 ausus
1230 3351 1292 3404 est:

166 3440 218 3493 sat.
237 3439 263 3494 V
280 3439 315 3495 90
331 3440 460 3509 Excepto
478 3441 503 3494 si
521 3441 589 3508 quid
606 3439 712 3495 Masuri
729 3441 844 3494 rubrica
861 3440 1031 3496 vetavit.

270 3525 329 3593 (nbi
355 3526 535 3582 Heinriohins
563 3527 730 3580 correxerat
762 3525 921 3592 .vetabit‘).
969 3525 1106 3592 Equidem
1135 3537 1193 3578 nou
1223 3535 1292 3578 casu

167 3609 305 3665 accidisse
330 3609 408 3678 puto,
440 3612 515 3678 quod
541 3611 633 3666 forma
658 3612 785 3679 volgaris
814 3626 930 3665 versum
960 3611 1133 3673 claudit:
1164 3610 1291 3664 ceterum

168 3693 296 3758 „vetavi‘
316 3707 371 3748 non
390 3697 531 3750 selamin
550 3697 704 3764 ‚Vulgata‘
723 3697 874 3764 aliquoties
893 3698 1025 3760 occurrit,
1044 3698 1093 3751 seri
1112 3697 1198 3750 etiam
1215 3695 1291 3763 apud

166 3779 298 3835 Servium
315 3781 345 3834 in
362 3780 432 3836 Aen.
451 3783 475 3835 11
492 3783 551 3837 201.

269 3866 299 3932 2)
326 3865 432 3922 Omitto
459 3869 622 3935 exemplum
649 3869 718 3923 iliud
737 3867 957 3924 Terentianum:
984 3869 1098 3924 Phorm.
1116 3869 1168 3924 902
1186 3859 1291 3931 „vere-

269 4040 301 4104 3)
328 4039 465 4110 Exempla
483 4054 499 4094 e
516 4039 609 4094 Brixii
628 4041 663 4095 ari
682 4040 877 4094 Trinummum
896 4041 1073 4108 praefatione
1097 4041 1210 4108 sumpta
1237 4040 1290 4107 (ed.

166 4125 240 4192 iva,
258 4139 284 4193 p.
305 4124 340 4179 17
357 4129 418 4194 squ,

269 4210 297 4274 4)
325 4209 365 4264 Oi.
383 4211 554 4275 Muellerum,
582 4211 661 4266 Pros.
688 4211 789 4274 Fiant,
816 4225 841 4278 p.
869 4211 921 4266 275
942 4225 1000 4279 sq.;
1028 4211 1163 4266 Goetzins
1190 4211 1219 4266 iu
1247 4211 1290 4264 ed.

166 4295 248 4348 mai:
269 4294 455 4357 ,Pudicitiam
472 4299 535 4362 quis
553 4297 638 4352 suae‘
659 4310 684 4364 q.
703 4311 734 4358 s.‚
753 4296 828 4351 idem
846 4297 875 4351 et
892 4297 1051 4351 Schoelliue
1069 4298 1099 4352 in
1117 4297 1159 4351 ed.
1178 4296 1290 4350 minore

168 4379 203 4446 (a.
222 4378 319 4444 1895):
339 4377 523 4442 ‚Pudicitiam
541 4383 690 4449 quisquam
708 4381 793 4434 snae·
813 4395 838 4449 q.
857 4397 878 4436 e.
