3026 4914
694 359 755 424 103

620 450 825 462 ..—--—-

572 561 606 648 g)
642 561 872 628 Phaedrus.
970 613 973 619 .

176 722 293 804 append.
318 720 369 799 17,
391 719 430 785 8:
453 717 605 784 deflesset.

32 969 33 992 1
601 923 635 1008 h)
672 923 843 991 Seneca.

31 1003 34 1140 ,ξ
175 1061 275 1127 Troad.
300 1061 400 1125 1060:
423 1060 553 1126 fleveris.

31 1151 33 1160 ,
174 1181 339 1258 tPhaedr.
361 1181 443 1247 662:
466 1181 600 1247 nevisset
623 1181 758 1267 [lltrusc.
785 1179 1016 1264 „novidisset“).

250 1300 353 1388 [Herc.
377 1299 445 1366 Oet.
468 1299 550 1365 669:
582 1300 692 1366 nevero
714 1300 758 1386 (in
783 1298 907 1382 anap.);
942 1297 1017 1364 Oed.
1041 1299 1122 1364 419:
1148 1317 1287 1364 creveras

290 1422 336 1507 (in
360 1440 388 1486 u.
413 1420 561 1506 sapph.)].

492 1641 517 1726 i)
554 1642 760 1708 Octaviae
792 1643 952 1708 auctor.

170 1780 244 1846 401:
268 1782 441 1847 assuerant.

267 2008 304 2072 ln
337 2008 426 2072 tanta
459 2007 668 2090 exemplorum
702 2006 869 2090 exiguitate
906 2007 956 2071 vir
993 2007 1112 2089 aliquid
1145 2005 1221 2071 certi
1255 2004 1291 2070 de

166 2128 302 2194 omnium
325 2127 498 2207 verborum,
522 2145 651 2210 quorum
667 2127 839 2210 perfectum
854 2127 886 2192 in
903 2128 969 2193 -evi
984 2129 1054 2207 enit,
1077 2147 1136 2194 usu
1158 2128 1292 2193 statuere

167 2265 346 2328 possumus;
374 2247 432 2312 hoo
455 2249 559 2313 summ
582 2246 781 2314 manilestum
804 2248 853 2315 est
874 2248 989 2313 lormas
1012 2268 1030 2312 a
1055 2247 1215 2324 „decrevi‘l
1238 2247 1293 2313 de·

167 2367 282 2433 rivales
306 2367 377 2432 inde
400 2386 419 2433 a
440 2366 554 2432 Plauto
578 2368 717 2434 contrahi
739 2368 873 2446 licuisse,
906 2389 924 2432 a
949 2369 1154 2450 „quiescere“‚
1188 2385 1293 2446 „con-,

165 2488 222 2564 in-‚
247 2493 444 2552 assuescene“
463 2486 572 2553 ductas
591 2507 609 2552 a
624 2488 760 2554 Terentii
778 2487 968 2571 temporibus
984 2507 1106 2571 semper
1121 2489 1294 2554 contractas

164 2625 243 2673 esse.
266 2645 308 2656 -
331 2601 448 2690 operae
478 2608 612 2691 pretium
645 2611 693 2674 est
724 2627 793 2674 cum
825 2607 967 2673 iambicis
995 2609 1094 2690 poetis
1118 2627 1294 2691 comparare

168 2729 201 2813 1)
224 2727 472 2813 dactylicos
495 2727 529 2812 2)
546 2726 793 2795 Ciceronem
815 2727 849 2812 3)
867 2728 1029 2795 titulos
1052 2728 1294 2796 aetatisliberae

166 2848 366 2933 reipublicae.

270 2968 316 3034 De
339 2968 502 3034 verborum
534 2969 566 3033 in
601 2969 666 3033 -evi
691 2968 798 3033 formis
820 2968 902 3052 apud
925 2970 1080 3051 poetas
1104 2969 1296 3052 dactyli-

166 3106 255 3164 cos,
279 3088 431 3171 utsupra
453 3087 525 3167 dini,
556 3088 620 3172 egit
642 3087 817 3154 Ludovicus
841 3089 997 3166 Schedia,
1024 3089 1090 3168 „De
1114 3089 1241 3174 perlecti
1263 3091 1294 3154 in

169 3210 242 3285 „ri“
265 3209 404 3274 exeuntis
426 3209 533 3274 formis
556 3208 637 3291 apud
660 3209 767 3292 poetas
789 3209 902 3274 latinos
934 3209 1103 3292 dactylicos
1135 3229 1295 3276 occurren-

164 3328 262 3400 tibus,
299 3328 460 3412 Marpurgi
484 3327 588 3394 1890“
612 3348 642 3411 p.
666 3328 794 3393 43--49
817 3330 987 3413 statuitque
1019 3330 1153 3414 perlecta
1175 3331 1206 3394 in
1231 3331 1297 3394 -evi

163 3447 291 3512 cucutia
314 3466 434 3513 servare
456 3447 594 3513 litteram
620 3454 679 3522 „v0‘
703 3452 850 3533 sequente
868 3458 921 3529 „r“
943 3452 1056 3533 potius,
1080 3469 1172 3533 quam
1189 3452 1296 3527 eicere,

167 3566 222 3631 sed
246 3567 360 3632 elidere
383 3568 515 3650 saepius,
542 3569 568 3632 si
591 3571 770 3651 sequoretur
794 3576 848 3646 „s“
883 3570 988 3636 littera
1019 3575 1111 3653 atque
1140 3571 1298 3656 usquead

170 3687 350 3752 Lucretium
373 3687 497 3770 quidem
520 3688 626 3771 poetas
650 3708 771 3772 semper
793 3691 919 3756 eiecisse
947 3699 1004 3768 „v“
1028 3693 1100 3756 ante
1119 3693 1299 3775 sequentem

167 3812 238 3888 „r“,
262 3808 300 3871 ad
323 3807 497 3891 Vergilium
530 3827 650 3890 semper
671 3817 730 3888 „v“
764 3811 835 3876 ante
860 3817 915 3890 „s“
940 3812 1053 3896 („ss“).
1098 3813 1144 3876 De
1167 3811 1299 3893 singulis

169 3927 276 3991 antem
298 3927 399 3992 verbis
424 3927 572 3993 disserere
591 3929 758 3994 secundum
775 3929 977 3996 Schefflerum
999 3950 1058 4010 non
1082 3949 1218 4010 possum,
1242 3929 1300 3994 hoo

170 4047 277 4110 autem
300 4047 425 4112 aiteram
448 4048 533 4112 verbi
556 4047 733 4131 quiescendi
755 4051 869 4116 formas
892 4053 924 4115 et
944 4050 1114 4116 contractas
1139 4050 1170 4114 ct
1192 4048 1299 4131 plenas

168 4167 273 4232 certas
296 4167 383 4232 sedes
406 4166 575 4233 hexametri
598 4168 735 4233 obtinere
759 4169 969 4248 (Schelllerus,
993 4191 1022 4252 p.
1048 4170 1112 4251 48).

273 4288 306 4353 Si
329 4288 552 4354 Ciceronis
575 4308 664 4353 usum
689 4305 865 4372 comparare
885 4290 942 4366 vis.
966 4290 1035 4354 vide
1052 4290 1301 4358 dissertationem
