3060 4788
623 1051 769 1170 Caput
795 1051 838 1143 ll.

162 1302 244 1433 lle
262 1298 491 1471 perfecti
511 1298 567 1430 in
585 1298 660 1432 -vi
681 1297 1293 1471 excuntisiornisapud

166 1505 415 1638 Plautum
447 1510 769 1675 ceterosque
799 1509 989 1675 poetas
1013 1503 1290 1638 iambicos.

270 1951 316 2014 De
340 1951 379 2015 iis
402 1949 563 2016 verborum
597 1950 763 2014 latinorum
796 1949 903 2013 formis
930 1967 948 2013 a
978 1948 1114 2031 perlecto
1145 1948 1292 2014 derivatis

165 2073 200 2135 ut
232 2071 331 2135 denuo
363 2089 486 2154 agerem
519 2069 657 2133 animum
690 2069 805 2147 induri,
841 2087 918 2150 quae
950 2068 1090 2133 litteram
1123 2069 1292 2151 spirantem

168 2196 225 2269 „v“
250 2190 300 2256 rel
323 2191 483 2256 servarunt
505 2190 554 2255 vel
577 2189 758 2268 omiserunt,
792 2207 862 2252 nam
897 2208 967 2253 cum
998 2189 1029 2252 in
1063 2188 1170 2254 Plauti
1201 2208 1290 2253 usum

166 2311 361 2393 inquirerem,
385 2310 524 2375 intellexi
547 2328 616 2375 cum
642 2328 747 2374 omnes
770 2310 964 2390 quaestiones
988 2309 1208 2391 grammaticas
1224 2311 1291 2374 tum

166 2427 243 2493 hanc
264 2429 316 2493 vix
339 2427 377 2493 ad
401 2429 519 2493 certum
554 2427 646 2492 finem
680 2428 806 2510 perduci
837 2445 935 2509 possa
969 2427 1135 2510 antequam
1165 2427 1291 2510 plana

167 2548 333 2612 formarum
356 2548 497 2613 collectio
521 2548 686 2631 diligenter
710 2548 884 2613 examinata
907 2546 949 2611 sit
971 2565 1067 2628 eaque
1097 2565 1154 2628 per
1169 2556 1170 2564 ’
1184 2546 1291 2610 tem-

170 2669 282 2746 poris
314 2669 459 2750 spatia
492 2668 523 2732 et
557 2685 713 2751 genera
744 2667 960 2732 orationis
992 2666 1121 2750 digesta.
1175 2645 1291 2746 Quam-

171 2805 257 2868 quam
289 2807 349 2853 non
381 2807 507 2870 prorsus
540 2788 651 2852 desunt
682 2788 965 2867 commentationes,
1003 2807 1081 2870 quae
1105 2787 1141 2852 de
1163 2789 1290 2870 perfeot'

171 2907 271 2974 formis
303 2909 403 2991 plenis
436 2910 468 2973 at
499 2908 689 2973 brevioribus
722 2910 829 2990 agant,
860 2908 914 2972 sed
936 2927 1053 2990 paucae
1076 2927 1145 2974 mea
1165 2910 1289 2990 quidam

39 3013 41 3074 ἶ
173 3031 317 3094 sententia
338 3049 410 3096 vera
431 3029 552 3095 ratione
576 3029 719 3113 scriptae,
743 3047 913 3111 perpaucae
935 3029 1003 3094 tota
1024 3030 1187 3095 verborum
1204 3031 1292 3112 copia

173 3151 321 3233 congesta.
375 3149 462 3214 Duae
493 3148 710 3215 tantummodo
742 3149 973 3214 dissertationes
1005 3149 1178 3214 laudandae
1209 3150 1289 3223 sunt,

39 3287 40 3296 ¹
174 3269 265 3334 altera
286 3270 419 3354 Eugenii
443 3270 664 3334 Frohrrein
689 3268 771 3346 „Die
795 3269 1088 3351 Perfectbildungen
1113 3269 1167 3334 aui
1187 3271 1218 3333 ri
1241 3269 1291 3334 boi

174 3388 271 3456 Cicero
302 3389 384 3456 Gora
416 3388 531 3469 lew,
567 3390 619 3471 qui
653 3393 775 3454 summa
807 3389 970 3472 diligentia
1001 3389 1104 3452 omnia
1136 3388 1291 3455 Ciceronis

174 3511 281 3592 scripta
319 3511 452 3593 perlegit
488 3512 520 3574 et
557 3511 660 3575 omnia
696 3510 836 3592 exempla
875 3509 1044 3574 seeundum
1075 3510 1197 3574 vocales
1232 3516 1289 3588 „v“

173 3625 302 3694 litteram
325 3629 544 3713 praecedentes
569 3630 737 3712 proposuit,
771 3629 868 3693 altera
898 3628 1049 3693 Ludorici
1072 3628 1292 3695 Scheffler

176 3746 334 3825 (sueonos
357 3749 428 3814 nia
450 3723 620 3830 dissipent,
654 3767 730 3831 quae
754 3748 934 3814 inscribitur
967 3747 1033 3826 „na
1057 3749 1185 3830 persecu
1207 3750 1238 3811 rn
1261 3748 1293 3812 vr

174 3870 303 3934 exeuntis
335 3868 442 3934 formis
474 3867 556 3952 apud
587 3871 694 3952 poetas
725 3868 840 3934 latinos
871 3869 1039 3952 dactylicos
1062 3868 1290 3933 occurrentibus

173 3983 326 4074 Marpurgi
351 3988 473 4078 1890“;
506 3990 640 4055 maxime
664 3991 820 4056 autemid
845 3991 942 4067 doleo,
977 3989 1057 4072 quod
1079 4007 1169 4053 nemo
1191 3988 1291 4054 adhuc

174 4110 315 4186 quantum
337 4110 400 4174 scio
425 4109 481 4174 sub
504 4128 565 4174 uno
590 4111 749 4176 oculorum
772 4112 937 4194 conspectu
962 4107 1084 4174 dicendi
1116 4127 1212 4191 genus
1234 4127 1290 4192 po·

175 4225 238 4306 suit,
271 4247 329 4310 quo
360 4229 479 4312 priscae
510 4231 620 4294 aetatis
654 4230 819 4313 scriptores
851 4231 900 4294 usi
932 4229 1012 4299 sunt.
1056 4229 1176 4295 Neuius
1199 4232 1290 4309 enim,

174 4345 221 4423 qui
257 4350 393 4415 omnium
433 4352 498 4414 erat
536 4350 795 4433 diligentissimus
831 4351 863 4412 in
902 4349 1143 4413 declinationum
1183 4351 1291 4414 formis

1082 4466 1119 4520 5*
