3026 4914
744 412 806 476 118

672 503 877 512 ῌ--η-ι-

211 674 218 688 .
243 642 268 688 e.
300 623 333 686 in
364 621 442 688 coni.
467 618 607 702 plsqprl.‚
630 617 704 682 inf.
726 616 816 698 peri,
847 615 875 678 2'
890 634 971 698 pers.
994 615 1087 680 indic.
1110 579 1186 696 pori.
1204 613 1239 697 ¹).
1285 613 1344 680 of.

211 765 238 810 e.
259 762 290 827 g.
314 761 361 807 vv.
386 741 449 805 Tri.
474 739 546 804 790.
569 737 633 802 957
656 739 688 802 et
709 735 779 802 vido
803 755 880 818 qnae
903 753 973 800 mox
996 733 1033 799 de
1056 735 1119 800 llo.
1135 733 1200 798 760
1221 733 1343 800 dicam.

274 898 383 980 †Ep.
406 895 485 960 427
509 913 562 976 sq.
600 894 667 977 Ego
698 893 724 957 si
756 892 1023 974 adlegassom
1058 887 1193 970 aliquem
1215 888 1253 952 ad
1276 889 1345 956 hoe

1055 1031 1057 1036 ¹
1131 1011 1290 1095 nogotium

602 1133 707 1198 Minus
730 1131 889 1198 ndminem
912 1149 1005 1214 quam
1028 1132 1151 1197 doctum
1171 1131 1342 1212 minusque

757 1230 778 1246 '⁵
880 1253 918 1318 ad
941 1251 1020 1317 hanc
1042 1271 1107 1317 rem
1131 1249 1287 1317 callidum.

312 1431 363 1496 Sic
381 1428 477 1508 codd,
495 1428 555 1494 nisi
570 1426 651 1512 quod
668 1444 773 1494 omnes
790 1426 904 1492 habent
925 1426 1164 1510 „alligassem“;
1188 1423 1340 1490 doctrine

209 1554 240 1618 in
264 1551 337 1615 edit.
361 1549 434 1614 mai.
458 1549 493 1614 nt
516 1568 543 1613 v.
568 1546 630 1611 427
661 1546 782 1612 hiatum
814 1548 981 1630 expelleret
1012 1546 1208 1626 „hominem‘
1242 1564 1278 1610 cx
1303 1565 1338 1612 v.

210 1671 273 1734 428
303 1671 334 1734 in
366 1670 500 1754 priorem
532 1667 724 1750 transposuit
755 1668 785 1732 et
818 1685 845 1732 v.
869 1666 932 1731 428
962 1666 1080 1744 „hund‘
1105 1667 1176 1748 post
1201 1663 1334 1748 „qudm“

210 1790 348 1855 inseruit.
393 1789 458 1854 Has
490 1787 623 1854 rationes
656 1788 852 1853 violentiores
877 1807 943 1852 esse
967 1787 1086 1868 etipse
1108 1787 1139 1852 ot
1162 1785 1337 1852 Schoellins

209 1912 240 1976 in
273 1911 407 1976 editione
440 1928 466 1973 a.
501 1908 583 1973 1895
616 1912 785 1988 senserunt,
820 1929 890 1974 nam
923 1911 967 1974 sic
998 1909 1054 1974 hos
1085 1927 1191 1974 versus
1223 1909 1337 1990 impri-

209 2032 335 2099 mendos
358 2030 561 2096 curaverunt:

309 2182 376 2268 Ego
400 2185 427 2248 si
450 2182 720 2267 adlegasscm
745 2183 879 2265 dliqnom
902 2184 941 2248 ad
964 2185 1021 2249 hoc
1043 2184 1212 2274 negotium¹

312 2305 415 2371 Minus
438 2305 595 2370 hominem
620 2302 735 2390 [quam]
761 2303 886 2369 doctum
909 2283 1071 2384 minusque
1103 2302 1142 2368 ad
1157 2302 1244 2386 „hanc
1266 2321 1335 2366 rem

1131 2421 1287 2487 cillidum.

314 2596 441 2661 Versum
474 2596 605 2662 alterum
638 2597 700 2660 iam
733 2596 798 2678 ipso
832 2613 902 2660 cum
941 2593 1114 2659 Camerario
1150 2593 1196 2658 ita
1229 2611 1333 2658 emen-

211 2717 334 2794 dabnm
366 2716 510 2781 nolebam
537 2717 629 2794 onim,
663 2716 697 2779 ut
729 2715 883 2780 duriorem
906 2715 1067 2780 verborum
1100 2713 1333 2780 collocationem

208 2838 355 2902 evitarem
377 2838 515 2920 („minns
538 2815 694 2902 hominem
718 2835 887 2919 doctum“),
911 2836 1043 2901 scribere
1069 2836 1190 2914 „mimis
1207 2835 1333 2900 doctum

211 2955 399 3020 hominem“.
445 2955 583 3019 Priorem
606 2971 676 3019 vero
700 2972 822 3019 versum
854 2954 1079 3037 redintegrasse
1108 2953 1186 3019 milri
1207 2952 1334 3018 videbar

208 3075 464 3155 commeatione,
489 3071 662 3158 quamodo
686 3073 895 3140 Mostellariae
919 3093 1043 3139 versum
1065 3073 1146 3137 976:

271 3231 336 3313 Ego
360 3231 385 3295 si
409 3229 731 3313 adlegavissem
755 3229 890 3312 dliquem
914 3228 952 3294 ad
974 3228 1032 3295 hoc
1054 3230 1214 3314 negotium
1229 3228 1265 3311 ²),

209 3403 300 3466 quam
323 3385 473 3450 rationem
496 3402 533 3448 no
557 3402 637 3449 nunc
659 3383 785 3466 quidem
808 3383 919 3449 falsam
940 3383 1050 3460 habeo,
1084 3401 1156 3448 nam
1187 3381 1330 3464 prosodia

207 3503 339 3567 iambica
364 3510 461 3587 „ego“
495 3504 676 3587 praesertim
707 3503 740 3566 in
769 3503 847 3584 pede
871 3504 1060 3569 senariorum
1082 3504 1183 3586 primo
1205 3501 1329 3567 dubita-

206 3618 321 3682 tionem
344 3621 438 3685 habet
451 3644 458 3698 ;
482 3622 514 3684 in
538 3621 728 3686 Bacchidem
751 3623 834 3685 onim
857 3641 947 3688 versu
971 3622 1049 3687 196:

212 3811 466 3820 .-—..—.--——

308 3930 323 3982 1
362 3926 400 3982 Cf.
419 3927 499 3981 infre.

308 3928 334 4082 2t
362 4015 520 4070 Verborum
538 4019 672 4070 accentus
700 4033 764 4072 cnm
791 4021 881 4073 metro
910 4021 1079 4075 dissociatus
1101 4023 1125 4076 si
1144 4035 1228 4088 quem
1245 4021 1329 4075 offen·

208 4101 264 4165 det,
284 4103 445 4156 exscribam
463 4103 504 4156 illi
523 4117 546 4156 e.
564 4117 591 4170 g.
609 4101 739 4159 hostros
757 4120 869 4160 versus:

308 4188 362 4241 Mil.
381 4189 433 4243 495
451 4189 542 4244 Meam
559 4189 740 4245 ludificavisti
757 4192 899 4260 hdspitem
916 4195 983 4247 ante
1000 4193 1084 4248 aedes
1102 4195 1195 4249 modo.

327 4312 338 4334 „
377 4274 429 4327 510
446 4275 517 4328 'lum
535 4275 610 4341 quod
627 4277 788 4331 tractavisti
805 4277 946 4343 hospitam
964 4281 1030 4332 anto
1048 4280 1132 4334 eccles
1151 4293 1236 4334 meas.

309 4355 356 4408 Cn.
378 4359 410 4410 18
429 4359 464 4412 Et
481 4359 543 4413 heri
561 4361 762 4415 cenavistlne‘?
797 4353 830 4420 sst
864 4361 1019 4418 Denomne
1037 4366 1104 4418 mel
