3060 4788
732 387 775 451 32

650 479 856 488 ...μ-

222 592 267 662 C.
312 590 668 680 superlativorum
692 589 987 680 orthographia
1011 591 1051 658 in
1075 587 1288 660 codicibus

500 712 750 800 scriptorum
774 710 1006 782 latinorum.

483 869 509 950 l)
548 868 734 950 superlativi
758 866 842 950 apud
867 867 1020 932 Plautum.

293 1023 433 1090 Primum
465 1023 603 1090 omnium
635 1020 903 1104 superlativorum,
935 1041 1010 1105 qnos
1034 1041 1050 1087 e
1073 1021 1180 1087 Plauti
1203 1021 1316 1087 tabulis

191 1143 382 1228 collegimus,
415 1142 549 1208 indicem
581 1161 796 1226 proponemus
828 1142 951 1207 omissis
982 1141 1089 1207 formis
1123 1145 1315 1218 „summus“,

192 1265 326 1348 „imus“,
363 1271 577 1346 ,supremns“,
613 1265 818 1341 „extremns“,
854 1263 1022 1345 „primus“,
1056 1261 1136 1340 sim,
1170 1261 1223 1344 qui
1254 1279 1315 1326 non

190 1405 244 1469 per
265 1384 410 1451 suffixum
433 1386 512 1450 -imo
534 1384 585 1449 vel
607 1403 705 1462 -nmo,
738 1385 792 1448 sed
824 1404 878 1468 per
908 1382 1054 1448 suffixum
1085 1401 1152 1448 -mo
1186 1382 1316 1449 derivati

190 1505 280 1582 sunt3
304 1507 480 1588 excepimus
503 1523 623 1588 qnoque
647 1503 863 1586 superlativos,
887 1504 993 1587 quiin
1017 1503 1198 1586 fragmentis
1220 1502 1315 1568 Plan-

189 1625 264 1692 tinis
287 1627 392 1690 extant
409 1625 434 1710 ¹]
465 1626 586 1708 praeter
619 1625 732 1691 codicis
755 1624 899 1708 rescripti
921 1625 1118 1690 Ambrosiani
1142 1624 1316 1703 fragmenta

188 1745 379 1812 Vidnlariae.
425 1731 546 1810 Codicis
579 1745 603 1809 F
635 1746 667 1810 et
697 1744 841 1810 editionis
865 1745 1013 1827 principis
1035 1744 1058 1808 Z
1081 1745 1231 1810 rationem
1254 1762 1315 1830 non

189 1866 361 1932 habendam
392 1885 458 1932 esse
489 1867 668 1948 putavimus
700 1884 770 1931 cum
802 1866 909 1930 multis
942 1865 979 1930 de
1011 1867 1112 1931 causis
1144 1868 1210 1932 tum
1233 1866 1315 1950 quod

188 1987 392 2054 Ritscheliani
424 2006 484 2053 non
519 2006 624 2052 omnes
647 1987 795 2051 minutias
819 1987 1072 2071 orthographicas
1094 1985 1244 2052 librorum
1266 2005 1316 2051 re-

188 2108 357 2173 centiorum
392 2105 613 2184 enataverunt3
646 2106 722 2171 itam
745 2105 918 2171 Britannici
941 2105 989 2188 (J)
1012 2125 1076 2170 rem
1099 2106 1315 2189 orthographi-

188 2247 256 2292 cam
287 2228 489 2312 negleximus,
525 2246 584 2310 quo
617 2226 800 2293 dilucidiora
830 2227 906 2292 fiant
937 2229 1122 2311 argumenta
1152 2227 1257 2292 nesta
1279 2245 1316 2290 ex

188 2349 297 2414 cetenis
321 2349 409 2414 codd.
432 2351 587 2433 prompta,
618 2368 805 2433 quamquam
837 2349 868 2415 in
892 2348 1047 2415 schedulis
1070 2350 1174 2414 omnia
1196 2367 1315 2414 memo-

186 2469 298 2534 rabilia
337 2490 373 2535 ox
410 2470 468 2535 hoe
500 2489 620 2554 quoqne
659 2471 739 2536 libro
777 2488 1027 2553 excerpseramns
1044 2469 1080 2554 ²).
1112 2508 1155 2518 -
1185 2469 1315 2536 Formas

186 2609 242 2672 pro
273 2589 452 2655 suffixorum
484 2592 602 2655 ratione
634 2591 853 2671 disposuimus
892 2608 952 2654 non
985 2589 1152 2654 secundum
1185 2607 1314 2654 casuum

186 2710 428 2787 terminationes,
466 2728 542 2792 quas
575 2710 694 2774 nullam
726 2711 790 2774 vim
822 2710 861 2775 ad
892 2710 1127 2792 praecedentem
1159 2710 1314 2794 syllabam

186 2847 241 2911 per
263 2835 323 2907 „ut
349 2830 403 2892 aut
426 2829 478 2907 „i“
503 2828 697 2894 scribendam
720 2829 832 2894 habere
855 2829 1148 2909 animadvertimus;
1183 2830 1312 2896 eandem

186 2949 225 3014 ob
248 2967 373 3013 cansam
396 2948 542 3014 adverbia
564 2950 603 3015 ab
626 2948 787 3014 adientivis
811 2969 871 3016 non
895 2951 1095 3017 seinnrimus.

543 3158 693 3223 tissimus
716 3161 764 3224 vel
788 3162 950 3229 insumus.

287 3315 317 3398 a)
341 3311 443 3378 Codex
465 3312 690 3378 Ambrosianus
714 3316 814 3380 extat:

187 3431 218 3514 1)
249 3431 362 3497 Omnes
386 3433 474 3498 codd.
498 3454 569 3499 cnm
592 3435 621 3498 A
644 3434 793 3516 praebent
816 3436 885 3514 „1⁶⁴2

249 3551 304 3616 Ba.
330 3551 403 3616 556.
442 3553 511 3619 Cas.
535 3553 609 3618 667.
631 3553 705 3618 694.
739 3555 796 3636 Ep.
822 3553 890 3618 160.
915 3553 988 3619 623.
1021 3555 1115 3622 Mero.
1139 3555 1212 3620 305.
1237 3555 1310 3620 483.

312 3671 380 3735 Mil.
404 3671 478 3736 602.
523 3673 618 3738 Poen.
653 3673 747 3738 1176.
781 3674 874 3738 1177.
907 3673 997 3738 1282.
1043 3676 1097 3741 Ps.
1129 3677 1202 3741 351.
1236 3675 1310 3741 389.

184 3832 441 3842 Μ*

288 3918 312 3981 1)
340 3915 512 3981 Fragmenta
542 3915 769 3982 agrammatieis
797 3917 915 3984 aliisque
942 3919 1127 3986 scriptoribus
1155 3921 1230 3974 intra
1254 3920 1309 3974 col·

184 4002 349 4055 locavimus.

286 4089 312 4148 2)
341 4087 410 4142 Cum
430 4087 542 4142 codices
561 4087 610 4140 EV
627 4101 740 4155 semper
750 4090 905 4152 laudemus,
925 4090 1081 4145 Britannici
1095 4093 1210 4159 cognati
1223 4094 1310 4159 scrip·

183 4173 267 4226 turae
294 4175 387 4227 omitti
414 4189 499 4241 posse
527 4175 704 4238 videbantur,
733 4189 766 4228 ae
792 4189 828 4229 nc
855 4177 884 4229 in
912 4178 1042 4231 omnibus
1070 4179 1183 4246 quidem
1207 4178 1310 4233 tabulis

181 4259 259 4399 gline
278 4260 413 4398 lectitlrsses
433 4259 526 4314 editae
547 4263 629 4314 sunt:
658 4262 691 4314 cf.
711 4261 845 4315 Schoellii
872 4264 958 4329 prael.
978 4264 1013 4317 ad
1031 4264 1074 4317 ed.
1094 4264 1181 4332 Capt,
1208 4279 1234 4331 p.
1253 4263 1309 4328 Xl;

206 4359 254 4408 aa,
273 4360 298 4412 p.
317 4345 344 4398 X
387 4386 391 4397 .
